2817 5009
264 332 330 405 650
575 274 1055 403 construeremusx

205 492 211 529 ²
265 481 472 560 bituminosa,
501 481 651 566 adquam
672 474 819 547 fatiscens
838 485 965 546 alumen
983 482 1145 566 capillum,
1171 479 1320 543 hatoni-

264 586 357 646 cbum
379 580 561 665 scdpoli²⁷‚
591 583 709 645 sericeo
727 584 893 665 splendore
911 585 1082 647 iuvenitur.
1141 583 1180 645 Id
1197 584 1239 642 in
1263 582 1320 643 iu·

256 678 332 748 'sula
351 686 438 746 Melo
459 684 587 746 obvium
608 686 850 747 Touruelortius
869 686 1002 747 amenter
1021 678 1241 767 descripsit.²⁸

153 844 156 851 .
238 786 243 795 ’
345 786 452 848 Altera
470 784 593 860 forma,
612 786 667 847 sod
688 785 834 861 deterior,
855 788 1060 865 qua'alumen
1082 784 1244 867 provenit,
1268 790 1317 843 est

150 910 153 916 ·
242 886 463 962 'amlaotitum
504 880 675 969 στρογγύλη
702 885 905 949 Dioscuridis.
965 890 1051 949 Haec
1077 887 1226 948 tuber-osa
1257 891 1317 954 est,

262 1006 409 1069 compage
430 986 644 1083 molliusoulu,
674 987 777 1049 fractu
796 986 900 1063 facili,
927 987 1145 1070 pinguiusculis
1169 982 1317 1065 superli-

262 1089 326 1165 cia,
346 1108 427 1170 quae
445 1086 545 1170 adipis
564 1088 634 1150 t'ere
646 1088 782 1150 nitorem
802 1087 907 1155 babet.
952 1087 1079 1150 Dicitur
1100 1107 1138 1147 ca
1154 1086 1316 1166 butyrum

260 1200 455 1281 nroutanum,
476 1188 512 1251 iu
530 1188 682 1251 Bohernia
699 1187 862 1271 insulaque
879 1188 1083 1251 Borubolmia
1104 1178 1293 1250 οἰινίιιιιι.29

194 1382 196 1389 ¹
343 1303 518 1368 Humidum
538 1306 665 1368 alumen
693 1306 831 1369 uescitur
856 1306 925 1368 sine
949 1306 1061 1382 dubio,
1092 1301 1313 1386 stagnantibus

260 1405 348 1487 'a'quis
374 1403 583 1484 subdialibus,
624 1428 686 1488 qua
709 1407 835 1468 alumen
857 1418 1042 1488 generatur,
1086 1426 1124 1465 eo
1143 1404 1249 1485 igitur
1273 1403 1312 1463 ub

259 1508 347 1591 aquis
366 1516 500 1587 recepto.
541 1507 665 1586 Quibus
682 1506 790 1588 positis
808 1507 1012 1590 intelligitur,
1043 1505 1184 1587 impuras
1213 1522 1315 1586 pere·

258 1609 418 1693 grinisque
437 1600 575 1689 partibus
595 1608 816 1669 contaminatas
828 1628 893 1668 esse
913 1608 1029 1670 formas
1042 1606 1208 1682 aluminis,
1230 1623 1311 1686 quaa

174 1694 180 1700 ⁸
259 1720 379 1775 veteres
399 1716 619 1795 cognoverunt.
660 1707 771 1789 Neque
785 1708 870 1768 alind
891 1702 968 1788 quid
988 1708 1112 1790 prolixa
1132 1724 1310 1786 argumen-

257 1810 375 1874 tatione
396 1808 614 1871 Beckmaunus
634 1806 787 1879 evicit.³⁰¹
828 1808 973 1879 Fabricss
993 1807 1155 1876 aluminis,
1190 1806 1310 1886 quibus

260 1922 385 1971 oootura
403 1909 449 1969 sal
468 1907 524 1967 ille
544 1908 732 1991 depuratur,
767 1911 806 1970 ab
827 1910 1029 1972 orientalibus
1043 1908 1167 1990 populis
1187 1909 1310 1969 inven-

258 2022 303 2101 tas
324 2029 407 2084 esse,
433 2027 510 2070 roro
531 2019 577 2071 est
597 2008 745 2087 aimile³¹,
784 2012 905 2072 tametsi
926 2009 1039 2070 medici
1059 2011 1200 2071 Arabum
1222 2007 1309 2068 scri-

258 2139 361 2213 ptores
389 2124 433 2189 de‘
450 2117 522 2196 wi
541 2124 692 2210 (schabe),
714 2149 770 2189 suo
792 2129 875 2190 nibil
893 2127 1085 2211 praedicent,
1106 2135 1235 2210 praeter
1257 2146 1305 2202 ea,

258 2249 376 2312 quaer
395 2228 581 2290 Dioscuridu
601 2239 793 2310 acceperant.

172 2424 176 2431 ῃ
339 2348 415 2430 cap.
435 2344 582 2408 CXXIV.
630 2346 792 2408 Pumicem
820 2345 905 2408 nasci
924 2343 1092 2429 generatim
1116 2364 1156 2405 ex
1177 2344 1307 2405 ustione

166 2484 169 2493 ·
257 2450 418 2515 variorum
440 2436 602 2522 saxorum,
645 2448 731 2508 unde
756 2446 839 2509 etin
860 2448 1001 2511 vulcenis
1022 2456 1053 2506 et
1070 2444 1105 2506 iu
1123 2455 1228 2506 terrae
1249 2446 1306 2509 in·

257 2550 375 2615 cendiis
395 2546 551 2623 inveniri,
572 2547 735 2607 benaiam
757 2548 989 2630 Theophrastus
1009 2546 1139 2606 monuit
1148 2543 1179 2586 ³²
1207 2547 1306 2607 Varia

225 2648 227 2661 '
257 2652 386 2714 omuino
407 2659 453 2709 est
470 2645 603 2730 pumicis
624 2646 816 2728 compositio.
877 2647 1037 2728 Siquidem
1058 2656 1182 2729 praeter
1201 2648 1305 2708 abun·

257 2754 383 2816 dautem
412 2758 528 2811 terram
554 2748 693 2809 silicerni
722 2758 754 2808 et
779 2749 974 2830 argillaceam
1004 2758 1035 2808 et
1060 2750 1250 2829 magnesiam
1273 2761 1304 2812 et

256 2865 382 2918 nstrum
409 2858 440 2909 et
466 2868 652 2929 manganum
683 2840 851 2927 oxydatum
887 2859 919 2909 et
943 2869 1054 2929 aquam
1081 2849 1303 2911 adhaerentem

256 2957 462 3024 invenerunt,
495 2949 553 3029 qui
580 2967 683 3028 nuper
720 2968 792 3008 eum
820 2948 955 3028 lapidem
992 2949 1130 3032 examini
1163 2952 1303 3011 subiice-

256 3046 374 3120 rent.³³
413 3047 546 3109 Iude‘et
566 3044 746 3111 mechanica
766 3049 833 3110 eine
853 3049 902 3110 ris
921 3050 1155 3130 abstergensque
1177 3063 1209 3113 et
1227 3073 1303 3112 cau·

255 3171 332 3235 stica
359 3144 476 3247 exponi
503 3174 614 3246 potest.
654 3168 770 3229 Arabes
791 3188 864 3231 enm
884 3167 936 3233 vel
967 3161 1051 3219 Μ
1079 3163 1300 3251 (noschsatla)

255 3292 311 3359 rol
335 3279 419 3371 ἲ»)
438 3281 621 3362 (rochford)
641 3287 810 3367 appellant.

340 3390 417 3471 Gap.
438 3384 588 3448 cxxvl.
649 3387 767 3468 Spuma
791 3407 844 3447 seu
873 3387 986 3469 lanugo
1014 3387 1087 3449 salis
1114 3387 1300 3469 plerumque

257 3501 440 3578 generatur,
482 3506 545 3567 que
571 3486 618 3548 sol
650 3488 703 3549 rel
735 3489 910 3549 communis
945 3490 998 3549 rel
1028 3489 1167 3550 marinus
1199 3488 1299 3548 abuu-

258 3597 329 3670 dat,
357 3587 433 3653 solis
454 3598 486 3651 et
503 3587 585 3650 a'e'ris
604 3585 639 3652 ri
657 3586 817 3665 fatiscens,
848 3599 939 3672 atque
958 3591 998 3651 ad
1016 3588 1160 3673 scopulos
1179 3589 1301 3650 viciuos

256 3697 397 3761 haerens.

261 3839 471 3891 ·--·-····.·

293 3934 337 3990 ιγ)
354 3926 470 3987 Priuclp.
486 3923 605 3982 minuat.
624 3942 652 3988 p.
670 3935 710 3985 ει.

295 4004 340 4057 aa)
359 4002 411 4046 tter
428 3995 489 4053 gall.
510 4009 534 4042 ι.
550 4002 577 4053 p‘.
590 3996 632 4052 63.
736 3995 782 4058 sp)
799 3992 906 4044 stsffsus
923 3997 943 4044 t.
962 4009 987 4044 e.
1003 4009 1031 4055 p.
1050 4007 1109 4053 arg.

294 4071 339 4124 aa)
358 4064 451 4112 esech.
468 4062 514 4109 der
529 4063 629 4112 Ertind.
649 4075 674 4114 a.
691 4077 718 4123 p.
735 4073 875 4122 92-108·
976 4068 1021 4119 aa)
1040 4066 1124 4123 lup.
1143 4072 1195 4108 rto.

296 4143 341 4191 so)
360 4136 400 4179 Dc
417 4130 498 4192 lapid.
515 4146 539 4182 a.
559 4143 600 4180 or.
615 4149 641 4193 p.
657 4135 718 4190 691.
752 4130 809 4181 Kal
825 4132 926 4189 πλοίους
942 4127 1035 4198 τρόποι
1050 4136 1096 4195 τῆς
1114 4130 1243 4199 pertusos.

295 4205 339 4260 εὖ)
356 4200 497 4261 lilaprotlrs
515 4203 602 4260 Beytr.
618 4216 667 4248 naar
682 4202 800 4249 lienum.
819 4199 864 4247 der
880 4202 1003 4248 Mineral.
1019 4210 1046 4262 ς.
1061 4206 1089 4262 p'.
1105 4203 1164 4252 265.
1215 4198 1296 4243 Brau-

261 4272 305 4320 ἀει
322 4272 353 4318 iu
368 4268 504 4318 Bucbuers
523 4270 657 4329 Repertus.
675 4269 720 4316 nu
736 4271 837 4317 Pham.
853 4277 879 4323 5.
896 4286 922 4331 p.
943 4274 998 4324 ηε.
