2817 5009
291 342 343 406 nr
371 313 758 403 orosconrorn'.
801 341 827 402 1.
849 281 921 405 no.
944 339 1014 406 111.
1111 342 1174 412 391

125 491 321 568 montorium
342 511 440 571 nsque
469 493 654 573 aperuisset,
698 492 867 555 Glossariss'
887 494 958 555 illas
977 494 1093 556 insulas
1120 504 1175 576 sut
1252 577 1253 588 ἵ

123 594 298 674 Electridas
318 594 552 672 investigarent,
582 615 660 674 quse
681 594 892 654 adorientem
917 596 1069 656 ostiorum
1085 596 1173 654 llbe-

126 696 161 758 ni
175 695 352 774 Amisisque
366 692 458 767 sitae,
479 714 533 753 cae
549 705 620 754 sunt
627 738 636 767 ,
657 716 736 775 quae
757 695 951 756 Burcbaniae
971 695 1172 756 Austraniao·

124 816 188 876 quo
209 795 355 875 inprimis
370 796 548 857 nominibus
562 796 804 856 celebrabantur.
826 798 983 856 Videntur
998 808 1100 858 autem
1117 815 1171 853 eae
1195 838 1197 842 -
1249 849 1252 860 ,

124 916 192 957 osse
212 895 349 968 insulae,
386 918 465 975 quae
494 906 524 958 et
554 897 710 955 borealem
741 896 926 955 Hollandiae
949 908 979 955 et
999 891 1116 956 Frisiae
1141 904 1172 954 st

124 995 348 1055 occidentalem
376 997 506 1057 Slesviri
534 1018 618 1056 oram
648 996 823 1075 stipantur,
864 1018 995 1076 quarum
1024 998 1125 1077 prima
1152 1017 1171 1054 a

123 1096 272 1176 Zephyro
298 1097 417 1170 Texel,
457 1098 586 1158 ultimae
615 1117 722 1157 versus
744 1097 884 1156 Caesiam
906 1099 1024 1156 Hambe
1053 1107 1084 1160 et
1109 1097 1176 1157 Far-⁴

124 1203 185 1256 nbc
207 1196 394 1255 nostratibus
415 1195 570 1257 dicuntur.
612 1196 733 1277 Viginti
755 1207 816 1256 tres
837 1197 919 1257 enim
940 1197 1083 1257 numerat
1103 1198 1170 1270 Pti-

122 1297 212 1371 nins,
247 1305 339 1375 atque
368 1297 402 1355 in
432 1297 605 1356 borealibus
625 1297 804 1377 praesertim
829 1281 989 1364 succinum
1019 1298 1168 1372 inveniri,
1271 1355 1272 1358 ,

122 1407 231 1457 nostra
248 1406 345 1455 aetate
365 1394 520 1456 firmatum
547 1381 601 1457 esl.
664 1397 799 1456 Tantum
833 1410 935 1457 autem
964 1398 1061 1458 valuit
1087 1396 1168 1457 lueri

124 1496 240 1577 cupido
260 1496 405 1576 livorque
426 1487 650 1575 mercdtornm,
683 1507 718 1555 nt
737 1496 915 1557 occulerent
935 1499 1082 1577 patriam,
1107 1519 1167 1568 vo·-

122 1596 199 1656 catis
219 1596 253 1655 in
275 1596 426 1668 auxilium
450 1597 579 1659 vetustis
601 1596 639 1655 de
660 1594 854 1655 Pha'etbonte
877 1607 907 1657 et
928 1598 1094 1657 Heliadum
1117 1598 1167 1657 lu-

122 1706 176 1756 ctu
197 1694 321 1755 sabulis.
362 1696 441 1756 Cutn
464 1698 547 1758 enim
569 1695 762 1756 confluerent
781 1696 821 1755 sd
843 1698 945 1757 sinum
967 1701 1060 1757 maris
1081 1697 1167 1757 adri-

44 1783 50 1792 *
122 1799 197 1858 ntici
217 1795 362 1856 ultimum
385 1796 473 1856 etad
495 1797 604 1856 Istriae
631 1796 763 1877 oppida,
798 1798 993 1878 Aquilegiam
1022 1799 1115 1858 etiam
1137 1806 1168 1857 et

122 1901 323 1977 Tergestcm,
367 1895 544 1976 quicunque
564 1896 682 1956 succini
704 1917 809 1958 caussa
830 1900 954 1962 boream
975 1897 1074 1958 visuri
1093 1897 1168 1957 inde

120 1998 253 2059 reduces
275 2004 381 2068 erant,
420 2016 484 2055 non
505 1996 607 2076 potnit
633 2015 698 2055 non
726 2017 908 2075 generosum
936 1998 1084 2058 electrum
1106 2019 1168 2058 nu-

98 2085 217 2162 -rnum
245 2093 446 2170 Latinarum,
483 2115 622 2156 cesores
645 2097 859 2170 accolentium,
889 2099 1074 2177 palmarium
1096 2083 1172 2158 lieri

121 2192 384 2259 or‘namentsnn.⁶¹
431 2197 523 2256 Unde
544 2199 660 2258 factum
683 2183 745 2269 esl,
782 2207 815 2256 ut
836 2207 866 2257 et
886 2198 1057 2257 Electrides
1077 2198 1166 2258 insn-

119 2301 170 2360 lss
189 2299 225 2358 in
244 2295 341 2357 Adria
358 2310 600 2377 quaererentur,
620 2296 674 2357 nbi
696 2296 802 2356 nullse
822 2311 910 2371 sunt,
932 2307 961 2357 ct
981 2298 1082 2358 Padus
1095 2317 1166 2357 cum

119 2399 261 2462 Eridano
279 2407 529 2476 commutaretur.
571 2397 650 2457 Cum
671 2395 783 2456 adiisse
803 2416 837 2454 ss
857 2397 986 2456 Eridani
1006 2397 1083 2456 ostis
1103 2408 1167 2456 trs·

120 2500 237 2561 diderit
257 2498 435 2574 Lucienus,
466 2506 501 2557 nt
522 2497 653 2577 populos
674 2496 823 2556 electrum
846 2495 1006 2570 sudantes,
1033 2495 1167 2557 Electri-

121 2603 175 2662 des
195 2600 289 2660 etism
311 2597 426 2658 insulas
447 2598 649 2676 conspiceret,
671 2598 803 2657 irrisum·
824 2595 956 2656 fuisses
977 2598 1078 2656 nautis
1100 2616 1166 2654 ms·

121 2710 242 2772 morat,
269 2698 386 2778 qnippe
406 2699 460 2776 qui
482 2697 605 2756 nullum
624 2697 742 2757 succini
772 2697 934 2777 vestigium
956 2698 994 2757 ad
1018 2718 1053 2756 es
1074 2696 1166 2774 litora

120 2800 267 2863 invenire
287 2797 495 2857 meminerint.
503 2795 534 2838 ⁶²

206 2899 363 2970 Arabum,
385 2917 438 2976 qni
431 2896 597 2957 electrum
609 2897 699 2956 etiam
716 2896 879 2976 pretiosius
894 2853 1053 2970 haberent,
1074 2917 1164 2976 qnam

121 3121 228 3181 ambra
246 3115 331 3176 enim
351 3097 463 3194 (χλ)
476 3063 635 3172 lvicenna
647 3134 749 3193 egens,
771 3065 950 3195 corruptum
962 3113 1052 3173 habet
1063 3114 1165 3173 locum

121 3218 255 3308 &fil-ssi
269 3214 354 3328 333,
370 3252 461 3312 quem
476 3228 646 3288 lloebsrtns
665 3230 708 3289 ita
721 3233 863 3293 emendat
879 3213 1166 3312 Qbfffflrw,

122 3344 158 3399 in
179 3340 262 3396 mari
276 3335 455 3415 germmsico
464 3328 494 3369 ⁵³
524 3349 556 3386 se
577 3328 848 3391 vidisse'arnbram
859 3374 869 3406 ,
906 3335 989 3411 quod
1012 3335 1058 3392 nil
1080 3334 1166 3394 aliud

122 3476 215 3537 quam
243 3451 402 3512 succinum
431 3431 469 3532 b.)
498 3430 580 3496 ”iffi
601 3445 848 3532 ¹(tatſsrala),
878 3450 982 3529 paleas
1001 3450 1164 3524 attrahens,
1230 3481 1243 3501 a

121 3559 271 3617 electrum
293 3573 357 3610 esse
378 3561 487 3631 potest.

65 3725 69 3738 Ι
100 3695 106 3704 2
206 3644 279 3732 Cap.
299 3650 383 3710 CXI.
448 3650 567 3711 Mirum
590 3646 689 3709 videri
712 3657 834 3726 posset,
855 3647 881 3705 si
898 3669 999 3709 macer
1020 3651 1050 3712 et
1071 3650 1165 3709 mseis

122 3765 296 3818 nostratum
318 3751 401 3810 idem
429 3745 613 3823 creduntur,
654 3767 760 3807 aroma
786 3749 901 3807 medias
932 3751 1014 3809 inter
1040 3751 1164 3809 arbores

123 3854 286 3917 collocari:
324 3850 459 3934 mirum,
487 3849 521 3914 ἐκ
542 3849 596 3934 τῆς
613 3839 770 3933 βαρβάρου
791 3848 966 3930 κομίζεσθαι
986 3850 1064 3925 dici,
1093 3869 1165 3911 eum
1241 3871 1248 3880 ⁸

119 3999 332 4022 ss

158 4093 203 4146 5¹)
222 4086 301 4133 ovid.
319 4095 419 4134 metam.
439 4093 470 4139 s,
489 4086 550 4140 564

130 4174 202 4230 §fil
221 4169 333 4220 Luciam.
350 4169 381 4215 dc
401 4172 513 4226 electro,
532 4179 627 4233 pmsrp
643 4181 711 4230 &opp
731 4179 795 4218 tom.
815 4181 840 4225 7.
858 4169 898 4219 cd.
917 4121 1021 4228 biponr.

159 4261 202 4315 sat
219 4257 252 4303 L·
269 4267 293 4303 c·
310 4255 407 4313 rmstfi
