2817 5009
264 418 330 492 est
577 408 997 477 counrnrsurus
1113 510 1117 513 -

265 585 329 635 tur.
337 565 370 612 ³⁸
408 559 517 628 Iuliis
537 559 634 643 igitur
653 558 828 643 phlegraeis
853 565 969 647 campis
996 561 1135 648 pumices
1155 564 1238 631 varii
1256 588 1316 651 ge·

263 672 349 738 neris
365 683 538 737 occurrere,
558 661 741 743 probatione
755 682 820 723 non
842 673 919 744 eget.
959 665 1070 747 Neque
1084 668 1159 730 lstet
1177 670 1226 732 vis
1239 671 1315 731 alu-

264 771 360 837 minis
378 768 412 828 iu
433 762 497 825 illis
517 762 692 844 pumicibus
713 763 914 840 abundantis,
935 763 1112 847 pigmenta,
1131 790 1219 849 qu„
1240 790 1315 829 m,
1386 776 1387 797 r

261 873 375 951 ¹³⁰¹¹5⁰9
393 872 527 936 ‘ment’
548 880 577 924 ⁰·
598 880 627 942 H·
648 860 786 923 Rhamni
809 862 986 946 infectorii,
1006 868 1191 929 Lawsoniae
1210 869 1315 944 albae,

262 972 394 1038 reddere
413 960 576 1027 durabilia.
625 961 718 1023 Unde
738 973 770 1027 et
788 963 979 1046 adstringens
999 965 1048 1031 vis
1069 977 1101 1030 et
1120 980 1237 1032 emt„
1257 970 1314 1032 in.

262 1074 378 1136 ducens
397 1061 546 1129 declarari
569 1064 680 1146 potest.
723 1105 728 1127 .

344 1201 419 1284 Cap.
441 1196 555 1261 CXLI.
595 1196 702 1260 Assius
720 1195 818 1280 lapis,
846 1196 929 1261 circa
946 1198 1060 1261 Assum
1079 1200 1211 1287 Troadis
1231 1221 1313 1284 prc-

158 1320 161 1327 ’
260 1304 409 1376 veniens,
432 1296 517 1360 haud
537 1296 678 1358 diversae
698 1316 763 1357 esse
781 1307 912 1360 naturae
924 1298 1057 1360 videtur.
1096 1302 1224 1363 Florem
1241 1305 1312 1365 eius

259 1427 334 1469 curn
361 1395 537 1484 ipposirpap
569 1397 708 1457 Galenus
744 1396 949 1478 comparat.⁶⁹
1010 1402 1126 1484 Lepidi
1159 1403 1246 1463 enirn
1272 1403 1311 1479 ii,

259 1527 319 1590 per
337 1524 371 1565 se
389 1521 454 1563 non
473 1496 564 1559 valde
582 1495 679 1571 duro,
708 1496 773 1555 imo
793 1496 930 1576 latrabili,
960 1500 1126 1563 inhaerere
1145 1503 1310 1584 quiddam,

259 1605 382 1669 farinae
403 1594 600 1661 tenuissimae
619 1596 835 1674 simillimum,
856 1600 955 1679 qualis
974 1602 1009 1664 in
1025 1603 1180 1665 molarum
1199 1603 1311 1683 parie-

258 1706 343 1766 tibus
362 1694 588 1781 conspiciatur:
621 1695 655 1754 id
675 1696 859 1759 salsedinem
879 1701 1044 1779 quamdam
1064 1702 1099 1763 in
1126 1711 1220 1783 gustu
1247 1701 1309 1761 ha·

258 1807 334 1868 berc
355 1793 564 1863 admistam.⁰⁰
604 1795 838 1878 Theophrastus
857 1799 920 1860 iam
940 1800 1036 1863 huius
1056 1801 1170 1883 lapidis
1190 1800 1309 1861 memi-

258 1904 324 1979 nit,
345 1922 363 1962 e
382 1918 446 1982 quo
469 1886 580 1979 coporis
598 1895 783 1974 conficiant,
815 1899 931 1981 quique
950 1901 1129 1982 ubicunque
1147 1913 1308 1964 terrarum

257 1999 433 2086 proveniat,
453 2016 584 2080 corpora
605 1996 698 2076 plane
721 2010 881 2061 consumat
901 2001 986 2062 etin
1007 2003 1126 2063 cineres
1145 2000 1308 2082 redigat⁶¹

257 2106 300 2166 Et
318 2099 458 2174 Plinius,
499 2096 719 2178 sarcophagum
748 2100 884 2182 lapidem
911 2099 946 2160 in
964 2106 1043 2165 Asso
1063 2104 1194 2163 Troadis
1213 2102 1332 2164 fissili-

256 2222 338 2265 vena
357 2198 474 2272 scindi,
495 2217 685 2278 corporaque
706 2199 941 2276 defunctorum,
963 2201 998 2262 in
1019 2221 1057 2261 eo
1076 2203 1217 2278 condita,
1243 2206 1303 2265 ab·

256 2321 380 2364 sumere
399 2299 483 2361 intra
508 2297 774 2379 quadragesimum
794 2301 898 2374 diem,
940 2300 1208 2385 eiusqucngeneris
1228 2325 1305 2368 sm

237 2414 322 2463 'esse
343 2410 373 2460 et
392 2399 428 2460 in
446 2399 545 2480 Lycia
569 2408 601 2460 et
620 2398 655 2460 in
677 2398 826 2470 Oriente,
852 2420 950 2482 quae,
976 2402 1155 2466 viventibus
1175 2424 1304 2488 quoque

255 2500 434 2582 adalligata,
456 2499 586 2560 erodant
606 2518 737 2580 corpora
744 2540 755 2575 ‚
782 2498 926 2569 tradit.⁶²

339 2618 377 2678 In
397 2624 508 2677 neutra
528 2615 623 2677 huius
642 2615 755 2697 lapidis
775 2618 968 2699 explananda
986 2619 1101 2701 nuperi
1121 2621 1212 2684 valde
1232 2624 1301 2686 dis·

255 2726 391 2800 crepant.
453 2715 651 2778 Valmontius
677 2718 761 2778 enim
790 2719 997 2780 Bomariensis
1021 2731 1141 2800 petram
1160 2726 1303 2786 seu‘mi·

253 2839 363 2883 nerum
383 2809 645 2890 aluminosamffi,
685 2816 858 2878 Wsllerius
878 2839 985 2879 saxum
1008 2819 1222 2883 calcaneum⁰⁴
1243 2827 1300 2886 de-

253 2920 358 2980 clarat.
400 2915 523 2993 Quibus
543 2914 655 2975 addere
674 2914 815 2995 aliquid,
848 2939 886 2978 eo
906 2918 1010 2981 minus
1029 2920 1064 2982 in
1085 2933 1220 2984 marest
1238 2946 1300 3006 po-

253 3029 376 3088 testate,
414 3035 484 3077 oum
507 3034 565 3074 nec
585 3014 693 3075 doctus
711 3014 875 3079 Launaeus
894 3017 930 3080 in
949 3021 1053 3102 amplo
1073 3026 1299 3086 commentario

252 3112 430 3200 nequiverit
454 3124 597 3176 naturam
625 3114 741 3200 lapidis
770 3116 972 3180 illustrare!³⁸
1034 3121 1069 3181 Si
1096 3121 1171 3202 quid
1191 3132 1298 3187 tamea

253 3227 337 3281 recte
356 3204 467 3291 video,
487 3225 575 3296 petra
595 3212 650 3275 illa
672 3216 836 3287 causticam
858 3219 998 3283 indolem
1019 3221 1217 3303 coloremque
1236 3225 1297 3286 ssa-

251 3328 427 3381 vescentem
454 3326 544 3375 natro
573 3334 653 3394 puro
683 3334 739 3377 seu
766 3318 916 3394 caustico,
957 3321 1196 3404 adstringentem
1216 3345 1296 3388 vero

251 3417 391 3480 indolem
411 3413 542 3476 alumini
558 3414 695 3476 debebat.
736 3416 811 3477 lude
824 3418 916 3478 etiam
937 3422 1139 3503 exponendus
1159 3434 1206 3485 est
1220 3446 1297 3489 usus

227 3518 288 3580 tin
308 3515 479 3599 podagricis
500 3515 678 3591 effectibus,
721 3516 872 3597 siquidem
903 3519 1017 3582 lixivio
1036 3512 1168 3585 caustico
1189 3546 1209 3586 c
1227 3527 1296 3589 kali

250 3628 358 3703 pareto
379 3627 518 3678 tumores
543 3615 723 3677 arthriticos
749 3617 881 3679 rebelles
907 3619 1061 3682 discutere
1079 3643 1243 3705 possumus
1263 3638 1297 3690 et

249 3735 422 3781 nervorum
440 3715 645 3777 resolutiones
665 3716 829 3780 debellare.
878 3719 1012 3783 Natrum
1034 3732 1138 3785 autem
1157 3723 1221 3786 hoc
1240 3726 1295 3789 at-

249 3820 337 3883 fectu
355 3836 421 3879 non
441 3814 579 3876 alienum
597 3825 653 3877 est.

249 3964 460 3987 ...--—

283 4061 330 4114 ee)
345 4056 386 4101 lb·
403 4068 431 4114 r·
450 4059 510 4109 ²⁸9·
526 4057 585 4107 ⁸⁴¹·
602 4048 651 4099 1¹¹³·
669 4062 710 4108 ¹⁶·
728 4069 757 4114 r·
772 4060 832 4115 tre·
851 4062 913 4117 4⁷9·

285 4121 332 4184 39)
348 4127 389 4170 Da
407 4120 458 4168 tae.
476 4118 562 4177 simpl.
579 4125 605 4175 4.
622 4134 648 4179 p.
670 4122 729 4180 696.
831 4123 877 4183 60)
897 4123 937 4171 Ib.
955 4120 1004 4176 lib.
1024 4135 1051 4183 9.
1072 4138 1101 4187 p.
1117 4135 1177 4175 eos.

283 4192 328 4250 ei)
344 4193 384 4253 De
399 4188 475 4249 igne,
491 4199 515 4235 c.
531 4186 575 4243 46.
594 4202 620 4246 p.
640 4197 699 4245 γει.
793 4190 837 4250 62)
853 4192 914 4240 Lib.
929 4193 978 4247 56,
998 4203 1041 4250 ⁸7.

283 4260 329 4331 (ip)
346 4254 504 4315 Mlubssloss.
523 4268 548 4303 x.
565 4262 658 4315 lubae.
677 4264 736 4311 352.
839 4260 884 4324 64)
904 4260 1105 4328 Mineralriltet,
1123 4276 1151 4323 p.
1159 4268 1205 4316 33.

281 4326 328 4390 65)
345 4323 428 4376 Min.
445 4323 478 4373 ds
493 4325 553 4379 l'sc,
569 4323 602 4371 ds
617 4326 768 4382 bruxelles.
797 4332 824 4388 4.
841 4341 868 4389 p.
885 4334 1048 4385 ssu-355,
