2817 5009
1015 201 1025 232 b

284 370 329 440 φο
400 451 402 464 Ι
559 365 769 423 arnamar
793 364 1066 423 Arornoaraoa

283 535 338 603 καί
357 531 413 621 τὴν
432 530 535 620 κοινὴν
555 526 780 622 ἕντροχάσομεν.
842 538 899 601 Δεῖ
922 538 1024 602 τοίνυν
1042 537 1201 622 καρκίνους
1228 558 1334 602 ποτα·

282 646 371 725 μίους
390 636 440 702 ἐπὶ
459 634 637 719 κληματίδος
656 635 758 722 λευκῆς
778 630 916 718 ἀμπελου
935 641 1056 714 καῦσαι,
1077 637 1129 704 καί
1149 636 1205 720 τηε
1218 639 1336 722 τέφραν

282 736 387 807 αὐτῶν
407 730 650 825 λεεοτριβησαντα
668 736 739 822 ἔχειν
760 735 968 823 ἀποκειμένην·
992 735 1102 822 ὁμοίως
1121 736 1156 806 δὲ
1176 739 1229 805 καί
1248 737 1333 823 ῥίζαν
1390 793 1396 802 .

282 841 433 922 μεντεανῆς
453 837 637 905 ἀποθέσθαι
656 840 836 923 κεκομμένην
855 839 909 905 καί
931 842 1120 926 σεσησμὲνην.
1160 834 1275 907 Ὁπότε
1297 838 1335 906 δέ

281 966 327 1019 τις
346 940 469 1026 δηχθείη
489 936 552 1006 ὑπὸ
580 939 752 1020 λυσσῶντος
772 937 880 1018 κυνὸς,
921 944 961 1017 εἷς
985 943 1068 1009 οἴνου
1095 936 1232 1027 ἀκράτου
1253 936 1334 1007 κυά-

282 1053 360 1120 θους
379 1037 406 1108 δ’
428 1035 582 1128 ἐμβάλλειν
603 1036 659 1108 δύο
686 1039 740 1125 μὲν
765 1041 923 1129 κοχλιάρια
948 1046 1003 1128 της
1032 1046 1095 1109 τῶν
1114 1049 1263 1130 καρκίνιον
1282 1045 1334 1110 τὲ·

164 1142 170 1160 ’
283 1169 381 1232 φρας,
402 1147 436 1210 ἓν
455 1142 490 1209 δὲ
509 1137 681 1228 κοχλεάρεον
701 1146 756 1227 τῆς
775 1148 944 1230 μεντιανῖης,
976 1144 1027 1210 καί
1048 1139 1267 1230 ίνκυκησαντας
1288 1141 1333 1222 ὡς

282 1249 315 1314 δν
335 1246 454 1329 ἀλφίτῳ
475 1243 652 1329 δεδευμένῳ,
682 1248 776 1309 πίνειν
795 1242 859 1310 ἀπὸ
880 1250 933 1332 της
954 1243 983 1311 α’
1005 1242 1133 1332 ἠμέρας,
1160 1249 1242 1333 μέχρι
1261 1271 1336 1313 τεσ-

282 1346 385 1435 σάρων
401 1343 552 1440 ἱημεριδν·1
570 1342 710 1430 ἀπορχῆς
722 1343 776 1429 μὲν
791 1334 846 1412 οὖν
859 1346 1009 1430 διδόμενον
1024 1346 1061 1413 τὸ
1081 1348 1239 1433 φάρμακον
1251 1352 1332 1415 τοῦ·

280 1474 337 1516 τον
350 1448 568 1535 προςφερέσθιο
583 1444 637 1510 τὸν
650 1440 782 1531 τρόπον·
803 1449 829 1510 εἰ
848 1445 880 1511 δὲ
900 1446 1009 1535 ἡμέραν
1027 1445 1256 1535 παρεληλύθασι
1272 1448 1353 1516 dio.

181 1533 186 1542 ¹
281 1549 303 1635 ἦ
323 1562 400 1636 τρεῖς
421 1546 484 1613 ἀπὸ
506 1550 560 1633 της
579 1543 707 1626 δήξεως,
728 1550 931 1633 ἐγχειροῦντας
952 1553 991 1645 τῇ
1010 1556 1179 1636 θεραπεία,
1197 1546 1333 1638 τριπλά-

283 1676 351 1719 σιον
372 1650 418 1715 δεῖ
436 1648 567 1724 διδόναι,
600 1643 672 1713 ὅσον
694 1649 819 1735 ἐξαρχης
839 1644 1001 1734 εἐρηκαμεν.
1067 1651 1114 1715 Τὸ
1135 1649 1187 1735 μὲν
1205 1651 1333 1739 ἀρεοτον

280 1753 416 1818 ἐπὶτῶν
436 1743 643 1836 λυσσσδηκτων
663 1746 827 1835 βοήθημα,
868 1747 888 1817 8
913 1748 951 1837 δι’]
979 1750 1033 1816 καί
1050 1747 1143 1835 μόνον
1162 1756 1251 1829 ἐνίοις
1271 1751 1332 1840 ἤρ-

281 1878 360 1929 κεσε,
402 1844 497 1917 τοῦτό
526 1852 605 1929 ἐστι,
647 1851 700 1914 καί
727 1854 874 1936 χρηστέον
893 1849 979 1936 αὐτῷ
1005 1853 1081 1936 μετὰ
1102 1854 1329 1939 πεποιθήσεως·

280 1957 371 2021 ἕνεκα
391 1952 424 2018 δὲ
444 1953 500 2017 τοῦ
530 1952 583 2016 καί
610 1949 652 2018 δι’
678 1948 784 2018 ἀλλων
805 1951 996 2034 ἠσφαλίοθαι
1017 1950 1097 2040 πρὸς
1117 1953 1252 2038 ἄφυκτον
1273 1956 1331 2022 δο-

280 2059 397 2122 κοῦντα
418 2053 570 2131 κίνδυνον,
611 2049 701 2119 οὐδὲν
726 2051 764 2118 τὸ
794 2053 913 2120 κωλύον
947 2056 1013 2121 ἐστὶ
1042 2056 1093 2121 καὶ
1118 2067 1183 2132 τοῖς
1207 2055 1331 2134 λοιποῖς

280 2153 471 2247 χρησασθαι·
509 2149 705 2243 αἱρετώτερον
725 2153 759 2222 δὲ
779 2155 929 2243 διακενῆς,
965 2154 1004 2225 ἀν
1034 2153 1118 2236 oritur
1137 2155 1231 2247 τύχῃ,
1257 2160 1331 2236 [τῶν

319 2351 345 2402 1)
363 2345 548 2406 Suspicabatur
581 2336 689 2393 Cornu·
713 2338 910 2412 τεσσαράκοντα
933 2338 1046 2413 ἡμερῶν.
1078 2344 1128 2396 sed
1151 2357 1180 2397 et
1201 2346 1328 2398 raanan

281 2411 372 2476 πὸτιζε
387 2411 480 2483 ἡμέρας
492 2410 527 2465 δ’.

280 2597 356 2665 tilia.
398 2583 962 2684 1Θουκριτίδουτεαίοιιοφυοῑίιευσ
990 2598 1146 2683 exponite,⁸
1189 2595 1265 2661 dein
1294 2607 1330 2662 et

280 2723 479 2765 communem
499 2702 587 2764 illam
609 2702 860 2784 perstringemus.
908 2701 1043 2763 Gaaoroa
1068 2701 1166 2783 igitur
1185 2699 1329 2761 fluviati-

279 2804 327 2868 lea
346 2803 411 2883 igni
434 2823 453 2862 e
479 2802 650 2863 clematidia
669 2803 757 2863 albae
778 2799 940 2863 animantia
967 2821 1105 2863 cremare
1125 2810 1265 2882 oportet,
1294 2810 1329 2864 et

280 2906 418 2966 cinerem
447 2924 556 2964 eorum
586 2903 626 2963 ad
652 2903 811 2963 laevorem
837 2901 948 2962 tritum
972 2902 1166 2963 reconditam
1193 2900 1348 2963 baberet*

280 3005 459 3086 pariterque
487 3003 650 3084 gentianae
682 3003 818 3065 radicem
845 3012 958 3063 tunam·
975 3002 1203 3081 cribratamqae
1231 3021 1330 3082 repo·

279 3122 367 3170 nere.
395 3104 527 3181 Quoties
547 3114 651 3164 autem
671 3103 783 3184 aliquia
803 3123 822 3162 a
841 3122 917 3162 cane
938 3102 1059 3162 rabioao
1081 3104 1239 3163 demersae
1253 3101 1330 3163 fue-

279 3202 333 3277 rit,
353 3203 389 3263 in
409 3212 574 3282 quaternos
594 3203 710 3263 merari
730 3202 798 3264 vini
819 3201 945 3281 cyathos
969 3202 1041 3262 bina
1062 3203 1176 3264 cineria
1196 3222 1331 3263 canoro·

278 3323 352 3366 rum
373 3302 564 3377 cochlearia,
585 3323 746 3383 unamque
766 3302 928 3382 gentianae
955 3301 1179 3378 coniiciaatur,
1201 3324 1247 3378 ac,
1268 3302 1332 3364 nbi

279 3402 316 3464 in
336 3403 481 3482 polentae
502 3402 659 3491 dilutioria
680 3402 808 3464 modam
828 3402 953 3463 subacta
980 3400 1165 3483 remittique
1193 3402 1330 3479 inerint,

280 3502 447 3584 quatriduo
467 3503 622 3565 bibantur.
660 3505 732 3565 Hoo
752 3521 827 3563 vero
854 3501 947 3561 modo
967 3500 1131 3564 exhibetur
1149 3502 1331 3564 remedium

280 3601 382 3663 atatim
404 3602 442 3663 ab
462 3591 573 3664 initio}
614 3604 736 3682 Quodsi
762 3602 800 3663 ab
821 3601 907 3662 illato
929 3621 1036 3662 morsu
1055 3603 1117 3665 duo
1137 3614 1239 3664 tresve
1259 3602 1331 3665 dier

280 3700 343 3760 iam
365 3701 625 3782 elapsifuerint,
663 3704 855 3764 curationem
881 3701 1080 3778 inchoaturi,
1119 3702 1236 3783 triplex
1257 3701 1331 3763 eina

279 3799 382 3875 modi,
403 3801 486 3881 quod
507 3803 545 3863 ab
565 3802 658 3864 initio
678 3802 844 3865 retulimus
851 3844 860 3876 ,
882 3802 1107 3864 exhibebimus.
1160 3801 1331 3881 Optimam

279 3900 315 3961 id
335 3910 380 3960 eat
399 3900 546 3964 adversar
565 3901 760 3966 rabioaorainr
776 3921 896 3963 marana
913 3901 1112 3982 praeaidium‚
1132 3900 1330 3982 quodetiam

280 4000 410 4063 unicam
430 4002 590 4064 nonnullis
610 4002 683 4066 ntia
704 4002 744 4063 ad
764 4004 893 4065 aalatena
913 4002 987 4077 fuit,
1006 4022 1128 4084 quoquo
1149 4021 1220 4061 cum
1239 3999 1330 4063 fiun-

281 4101 330 4164 eia
352 4102 398 4161 nti
420 4102 508 4167 lieet:
537 4113 689 4176 attamen,
719 4122 782 4182 quo
803 4101 924 4164 firmiua
945 4113 1052 4163 eontra
1070 4103 1246 4183 periculum
1258 4142 1267 4175 ,
1288 4111 1329 4165 at

218 4222 239 4244 ·’
281 4199 422 4277 videtur,
466 4202 648 4265 inevitabila
675 4202 872 4280 muniamur,
916 4202 1000 4264 nibil
1029 4203 1194 4284 quicquum
1215 4202 1329 4271 ebetat,

281 4301 450 4384 quominus
475 4312 507 4366 et
532 4302 602 4365 aliia
627 4311 753 4366 utamur
781 4303 918 4367 auxiliis.
989 4303 1052 4365 Sed
1078 4312 1111 4367 et
1138 4301 1329 4378 ἰυίιυιυευοι
