2817 5009
229 394 295 467 446
541 392 966 462 COMMENTARIUS

230 563 350 614 σταται.
356 543 389 591 88
451 544 550 610 Cuius
567 546 702 609 auctoris
721 546 750 610 ai
773 560 856 610 aetaa
877 558 953 612 nota
972 561 1067 625 esset,
1099 549 1238 632 butyri
1226 572 1280 615 an*-

228 647 494 713 traductionem
483 668 518 708 an
539 641 701 708 Graeciam
729 647 897 732 indigitare
921 669 1089 732 possemus.
1148 651 1186 713 Id
1216 641 1281 713 aal-

229 761 293 812 tem
314 759 432 834 certum
453 758 517 822 eat,
535 746 659 807 nemini
679 757 838 820 veterum,
860 769 920 810 neo
939 748 1001 832 ipri
1019 748 1200 827 Herodoto,
1220 770 1280 813 nco

227 849 386 922 Aristoteli
407 847 564 929 cognitum
586 845 684 936 inisse
704 847 869 929 butyrnma
899 849 971 925 aed,
1010 861 1172 931 postquam
1193 851 1281 911 colo·

228 951 298 1013 nias
320 949 356 1010 in
376 947 494 1010 Tauria
524 958 556 1007 et
585 947 771 1028 Scytharum
800 948 917 1012 vicinia
935 949 1136 1011 collocassent
1156 949 1281 1026 Graeci,

228 1067 301 1112 cuna
319 1070 356 1111 re
370 1048 437 1132 ipsa
451 1069 566 1111 nomen
587 1068 606 1109 a
626 1047 750 1127 Scythia
770 1044 971 1131 accepisse⁸⁴
1010 1049 1096 1111 Hinc
1115 1047 1202 1110 hand
1221 1050 1281 1110 ab·

199 1141 204 1149 ’
228 1171 306 1212 aona
333 1158 379 1210 eat
405 1148 545 1231 Oppiani
571 1146 656 1209 fictio
664 1143 705 1224 ⁸⁵,
739 1147 914 1209 Aristaeum
935 1149 1198 1223 Proconnesium,
1224 1147 1282 1231 qni

226 1252 284 1313 din
310 1248 470 1311 haedonaa
498 1260 677 1329 ceterosque
698 1246 920 1327 Hyperboreos
940 1246 1210 1330 frequentarat⁸⁶,
1232 1250 1282 1309 la·

226 1351 284 1411 ctis
304 1350 568 1429 coagulationem,
599 1348 734 1427 ideoque
755 1346 861 1426 butyri
881 1347 1109 1410 confectionem
1128 1347 1163 1410 in
1179 1349 1282 1410 Grae-

46 1473 50 1480 ’
147 1527 152 1538 „
226 1445 307 1513 ciam
328 1448 548 1511 introduxisse.
607 1444 777 1509 Lusitanos
805 1466 931 1531 qnoque
957 1449 1139 1512 manticulas
1162 1449 1279 1530 butyro

225 1552 274 1615 uti
280 1551 357 1611 olei
379 1550 472 1625 vice,
494 1548 606 1609 Strabo
626 1545 780 1606 tradat
738 1533 771 1584 8

309 1648 452 1712 Orientis
476 1649 624 1709 nomades
649 1645 688 1706 ab
718 1644 806 1707 omni
824 1643 900 1708 inde
926 1646 1108 1730 antiquitate
1128 1605 1279 1730 butyrum

227 1749 408 1824 confecisse,
425 1750 566 1828 quamvis
587 1746 738 1809 credibile
756 1759 810 1824 eat,
833 1748 867 1809 in
883 1749 1077 1811 Ebracorum
1096 1760 1199 1810 tamen
1213 1769 1282 1809 me·

226 1849 337 1913 anoriis
360 1847 452 1912 valde
473 1848 569 1910 dubia
589 1860 635 1910 eat
654 1847 721 1909 eiua
742 1847 876 1910 mentio:
914 1869 1049 1931 namque
1064 1864 1155 1941 raqnyy
1174 1847 1281 1932 potina

224 1952 275 2014 luc
302 1949 496 2032 coagulatum
527 1949 702 2031 siguificare
732 1948 871 2026 videtur.
931 1950 998 2011 Nec
1028 1960 1133 2012 tamen
1161 1951 1282 2013 Arabes

224 2050 322 2136 prisci
342 2049 439 2113 verbo
459 2049 593 2131 quodam
607 2048 760 2140 peculiari
780 2049 927 2130 butyrum
943 2071 962 2111 a
979 2051 1090 2131 quovis
1108 2051 1199 2132 adipe
1215 2050 1282 2111 dia·

225 2169 366 2229 cernere'
382 2165 505 2226 valent:
533 2166 600 2227 sola
619 2187 684 2228 vox
713 2146 766 2255 bb)
789 2164 953 2248 (aobbdd),
975 2186 1037 2247 qua
1057 2167 1170 2227 medici
1183 2175 1281 2227 utun·

225 2277 295 2345 tur,
315 2265 434 2348 pariter
453 2287 627 2329 cremorem
649 2268 737 2330 lactis
758 2287 851 2351 quam
872 2266 1021 2366 butyrum
1041 2264 1202 2347 siguificat.

309 2383 384 2465 Cap.
406 2384 573 2446 LXXXV.
623 2377 732 2449 Πιτύα
754 2385 914 2448 derivatur
934 2404 953 2444 a
970 2377 1112 2465 πήσσειν,
1147 2376 1280 2467 σήπειν,

225 2496 263 2549 ut
283 2475 406 2567 πηττύα
427 2485 541 2545 melius
564 2483 770 2548 scribatur.⁸⁸
810 2484 877 2547 Alii
904 2485 980 2545 dnm
999 2486 1111 2548 notior
1128 2486 1279 2566 scribunt,

226 2605 247 2646 a
265 2576 362 2659 πύος,
383 2582 566 2660 culcurrunt,
587 2577 626 2647 τὸ
649 2589 776 2671 πρῶτον
794 2577 895 2664 γάλα,
915 2584 1002 2646 nasci
1022 2585 1200 2667 perbibent.

303 2695 473 2787 ‘Itrrrdaqm
492 2719 586 2783 quam
607 2702 813 2785 Hippocrates
832 2705 895 2764 iam
916 2703 993 2766 dicit
1012 2692 1106 2789 τυρὸν
1120 2698 1281 2783 ἳππων-88,

225 2802 465 2886 Hippocraticns
484 2809 594 2863 auctor
615 2823 755 2885 quoquc,
776 2804 861 2886 quod
882 2825 987 2866 casem
1008 2807 1066 2880 ait,
1095 2803 1208 2866 diserte
1220 2823 1281 2865 ex-

173 2899 180 2914 *
225 2905 326 2987 ponit.
333 2901 366 2945 ⁹⁰
406 2904 517 2984 Neque
536 2901 720 2985 cuiusquam
739 2903 802 2966 loci
818 2905 959 2983 memini,
980 2905 1036 2968 ubi
1051 2895 1171 2988 ῐππᾶκη
1190 2903 1281 2966 aliod

227 3003 304 3084 quid
324 3002 519 3086 significaret.

310 3103 423 3166 varic*
437 3106 585 3168 animalia
609 3102 728 3166 bisulci
754 3101 808 3164 bic
834 3103 1057 3183 nominantur,
1097 3104 1134 3165 in
1161 3103 1278 3186 quibua

227 3195 340 3288 doqaaic
359 3203 458 3268 Antii
443 3203 512 3284 [ομ
534 3210 676 3276 Dorcea,
702 3194 898 3291 nimiaeque
923 3204 1043 3269 Cervos
1058 3207 1182 3283 Darna,
1203 3196 1279 3286 do'q·

227 3327 284 3379 stoc
307 3308 425 3368 Cervus
450 3296 619 3386 Capreolus
639 3326 704 3367 earo
722 3307 880 3368 videntur.
942 3307 1016 3369 Non
1045 3327 1113 3368 aum
1143 3307 1278 3382 nescius,

226 3407 414 3470 Marcellum
445 3406 627 3490 Vergilium
655 3401 876 3493 πλατυκέρωτα
906 3418 1053 3488 tanquam
1088 3405 1278 3476 adiectirnm

227 3507 267 3599 τῇ
286 3500 412 3590 δορκάδι
427 3508 621 3586 adscribere,
642 3507 748 3589 itaque
767 3509 837 3569 loco
858 3504 1035 3590 collegere
1056 3500 1205 3590 δορκάδος
1224 3505 1280 3587 τῆς

227 3604 478 3692 πῒατυκέρωτος,
504 3609 539 3670 iu
560 3628 623 3692 quo
650 3621 681 3671 et
709 3609 744 3671 0.
767 3610 941 3672 Gcanenm
961 3619 993 3673 et
1011 3607 1200 3671 Bochartum
1220 3605 1282 3667 ba·

233 3757 443 3775 *-

263 3852 311 3906 84)
329 3841 408 3906 Hlpp.
428 3845 461 3893 de
477 3845 563 3895 morb.
581 3851 652 3905 41).
671 3850 733 3905 357.
760 3843 801 3896 ed.
817 3845 893 3906 Lipa.

263 3922 309 3973 34)
330 3916 413 3975 coaay
430 3914 463 3960 ad
479 3914 559 3972 Hipp.
578 3913 611 3961 dc
627 3918 702 3968 aare,
720 3913 795 3973 aquia
813 3925 839 3961 et
855 3913 988 3976 locir,p.
1003 3918 1065 3973 ²84⁴

264 3986 310 4044 35)
329 3984 427 4043 Cyucg.
443 3990 474 4042 4,
493 3991 553 4040 971.
656 3984 703 4041 86)
720 3982 867 4040 Herodi„
884 3990 926 4035 ιδ

264 4056 310 4107 87)
330 4051 479 4109 Lina-1>
496 4056 555 4108 4¹4·

265 4123 309 4176 33)
327 4119 426 4167 Tbaod.
445 4120 514 4163 Gaza
531 4126 661 4200 gramma.
679 4131 709 4176 p.
727 4116 788 4176 609.
805 4115 847 4168 cd.
864 4115 1001 4180 Neophyt,
1033 4113 1106 4164 nino
1125 4121 1153 4162 ct
1168 4107 1278 4160 buidaaa

229 4182 342 4248 Πητῦα,
362 4204 377 4234 o
366 4179 449 4235 dud
434 4175 627 4252 occtoqcaoar
644 4179 675 4234 cd
692 4179 769 4251 γάλα

264 4257 309 4313 89)
325 4256 365 4300 Dc
383 4259 455 4308 ac'rc,
473 4266 541 4311 aqua
557 4264 583 4299 at
601 4251 685 4306 rocta,
702 4268 730 4311 p.
749 4257 812 4313 447.

264 4322 311 4386 9⁰)
325 4323 406 4385 napp.
426 4322 460 4369 dc
475 4321 559 4370 norb
575 4328 646 4380 4.Ρ
668 4325 730 4378 ⁸68
