2817 5009
267 373 332 443 268
541 372 752 426 ΠΕΑΑΝΙΟΥ
774 372 1044 429 ΔΙΟΣΚΟΡΙΔΟΥ

269 519 382 604 ίιίρῶτα
416 523 553 609 ἔκκρινεϊ·
590 521 785 610 λιβανωτίόος
810 518 946 609 indicam
968 519 1045 608 μετὰ
1068 526 1236 611 περίπατον
1261 521 1317 591 οὑν

169 668 171 673 ·
267 625 449 709 ἐρεβίνθοις·
492 624 545 690 καί
568 619 588 709 ἦ
611 625 678 710 ῥίζα
698 618 754 690 οὑν
780 623 870 710 οἴνῳ·
907 621 1003 711 dccxiv
1034 620 1053 691 ὁ
1079 626 1132 692 ἐπί
1161 628 1224 690 τῶν
1259 648 1316 692 πτ-

266 728 347 809 τριόν
381 720 600 809 διαχριόμενος·
644 720 839 810 όξυμυροίνης
873 721 954 809 ῥίζης
981 720 1118 811 ιίπόζεμα
1143 724 1199 793 οὑν
1228 725 1315 812 οίνῳ,

265 827 389 910 μυρίκης
416 819 555 910 οίπόζεμα
583 822 640 892 οὑν
669 825 761 911 οίνῳ·
792 823 870 917 ,όνοι
898 828 931 891 ολ
951 821 1015 893 ὑπὸ
1034 835 1102 902 tote
1122 818 1238 909 ὑδρίαις
1257 825 1316 894 οὑν

266 926 356 1011 οἴνομ,
396 922 537 1002 ὀξαλίόος
556 927 636 1012 ῥίζαι
655 926 824 1012 ἑψηθεῖσαν
845 923 900 993 οὑν
928 924 1018 1013 oiim,
1057 925 1235 1011 ὀπόφυλλον
1256 925 1316 995 οὑν

255 1032 377 1112 ιταρίχει
406 1026 459 1091 καί
487 1026 646 1109 οίνομελιτι
672 1023 871 1111 ἐσθιόμενον,
913 1027 1038 1096 ατὺτλου
1064 1029 1144 1117 ῥίζαι
1172 1025 1315 1114 iudicii)

155 1144 163 1157 “
266 1128 361 1196 ὀπταί
382 1121 571 1211 ἐσθιόμενοι·
613 1124 824 1210 πενταοόλλου
850 1132 915 1198 τοῖν
943 1126 1066 1213 φύλλιον
1083 1125 1173 1217 χυλός
1191 1126 1315 1213 πινόμε-

263 1231 484 1316 μενοςταχέοος
506 1224 634 1312 ὑμιόζει·
656 1224 768 1296 πόλιον
787 1232 820 1297 ἐν
840 1229 913 1316 oiim
935 1230 1050 1318 λευκῷ,
1071 1231 1192 1319 οκίλλης
1211 1234 1314 1319 ἑφθῆς

264 1342 307 1407 <
318 1326 346 1398 α’
370 1327 424 1398 οὑν
445 1326 594 1414 ὄξυμελιτι
620 1329 836 1417 ἐκλειχομένὴς,
877 1332 930 1399 καί
957 1334 1117 1419 πινομένης
1134 1331 1209 1417 μετὰ
1228 1334 1314 1419 μελι-

264 1429 393 1517 κρότου·
415 1435 583 1517 στρουθίου
603 1433 671 1520 ῥίζα
692 1429 751 1499 οὑν
770 1431 868 1516 μαλιτι
886 1433 1085 1520 ἐκλειχομόνη,
1111 1459 1165 1501 και
1155 1434 1314 1520 πινομέ-

135 1522 146 1537 ’
263 1560 301 1621 νη
319 1560 398 1621 μετα
380 1530 606 1620 μελικράτου·
652 1528 798 1621 στρύχνου
824 1559 882 1602 του
902 1560 1000 1657 χαμαι
1002 1532 1110 1654 ζερλου,
1147 1534 1312 1621 λεγομένου

263 1630 467 1722 ὑλικακόβου,
497 1631 589 1721 χυλὸς
607 1629 765 1719 πινόμενος
783 1660 859 1720 μετα
880 1634 980 1703 οἴνου·
1023 1632 1171 1703 ὑακίνθου
1191 1635 1313 1723 καρπὸς

264 1738 316 1806 οὑν
336 1732 493 1824 ἀβροτόνομ
511 1731 685 1822 πινόμενος,
722 1741 921 1822 χαμαιπίτυος
950 1735 1100 1824 ἆφέιμημα
1129 1736 1184 1804 οὑν
1209 1733 1325 1817 odora,-

261 1844 455 1927 χαμαικίσοου
475 1847 518 1914 <
538 1831 567 1904 α’
588 1862 663 1923 μετα
684 1837 767 1904 οἴνου
788 1839 840 1904 ἐπί
859 1835 1058 1925 ἧμέραςς’“
1038 1866 1058 1924 η
1078 1833 1215 1965 ζ’,αίμα
1236 1834 1311 1905 ακό-

195 2022 197 2025 .
261 1943 355 2018 λακος
373 1936 458 2016 κυνὸς
487 1938 544 2007 οὑν
573 1936 731 2025 ὀξυκρότῳ
756 1922 928 2023 πινόμενον·
969 1944 1060 2006 τοῦτο
1081 1938 1116 2006 δὲ
1134 1966 1186 2006 ναι
1178 1936 1311 2027 ὑδρω-
1350 1958 1358 1977 ·

261 2041 368 2119 πικοὺς
387 2039 506 2123 ὠφελεῖ·
550 2037 646 2130 βρύον
665 2039 704 2107 τὸ
723 2042 798 2107 tut
791 2034 864 2107 τοῖν
892 2037 1052 2128 uiduus
1032 2068 1053 2126 η
1077 2040 1206 2121 λευκῶν,
1250 2067 1311 2107 κα-

261 2141 340 2230 ρύου
360 2142 520 2231 βασιλικου
540 2144 669 2228 μέγεθος
687 2167 742 2228 μετ
746 2139 980 2229 ὀίνομίλιτος,
1000 2140 1159 2227 πινόμενον
1183 2140 1311 2229 πλῆθος

254 2241 356 2312 κυάθ·
378 2240 405 2321 ς’
435 2244 487 2310 ἐπὶ
509 2239 618 2329 ἡμέρας
637 2239 674 2323 γ’.
722 2241 835 2321 Ἄλλο,
877 2245 930 2319 καί
950 2245 1043 2309 τοῦτο
1063 2243 1163 2321 καλῶς
1171 2247 1309 2319 ποιοῦν·

261 2345 449 2435 ἄφρονίτρου
468 2355 509 2421 <
527 2343 556 2434 β’
575 2346 683 2435 βρέξας
704 2345 779 2447 oium
798 2343 927 2432 ἆμινοιίιρ
946 2371 992 2411 κυ.
1012 2343 1043 2433 (ί
1050 2394 1061 2424 ,
1080 2345 1132 2412 καί
1151 2340 1214 2431 πρὸ
1234 2341 1310 2431 ἡμέ-

262 2498 440 2581 οίίοἰοῑατε)
463 2499 643 2561 libanotidis
662 2498 804 2565 infusum
826 2521 898 2563 cum
918 2500 1018 2563 cicere
1036 2509 1106 2584 post
1126 2498 1309 2563 deambula-

259 2605 397 2677 tionem,
418 2600 558 2661 eiusdem
577 2599 669 2661 radix
689 2619 762 2660 cum
783 2599 868 2663 vino.
901 2586 1012 2665 'Iurat
1033 2613 1064 2664 et
1083 2600 1188 2677 lichen
1209 2599 1308 2683 petria

259 2703 422 2763 innascens
441 2699 556 2760 illitus:
593 2698 676 2760 rusci
698 2701 812 2763 radicis
833 2702 974 2764 infusum
995 2722 1066 2764 cum
1085 2700 1177 2777 vino,
1207 2701 1310 2781 myri-

260 2823 314 2863 cae
335 2802 477 2862 intusum
498 2818 570 2859 cum
589 2798 682 2876 vino,
720 2801 817 2876 aselli,
845 2801 900 2883 qui
920 2803 977 2863 sub
999 2803 1079 2864 vasis
1099 2800 1232 2883 aquariis
1253 2821 1309 2862 re-

259 2902 443 2985 periuntur,
474 2918 546 2959 cum
562 2897 663 2973 vino,
704 2900 838 2962 oxalidis
858 2903 1009 2965 radices
998 2924 1032 2964 au
1054 2902 1129 2964 rino
1152 2902 1307 2978 decoctae,

260 3001 369 3083 silphii
392 3019 497 3060 semen
526 3017 597 3058 cum
623 2998 807 3061 salsamento
836 3011 867 3064 et
893 3002 967 3067 vino
995 3001 1096 3063 mulso
1125 3012 1306 3076 comestum,

260 3092 350 3163 Βαίου
369 3100 488 3162 radices
510 3098 611 3159 elixae
629 3099 682 3161 vel
703 3120 796 3178 assae,
817 3101 854 3163 in
874 3101 950 3163 cibis
970 3111 1127 3187 sumptae:
1147 3098 1307 3182 quinque-

260 3202 332 3265 folii
354 3223 372 3262 e
392 3200 478 3262 foliis
506 3219 614 3260 succus
635 3200 751 3262 bibitus
773 3201 936 3263 confestim
959 3211 1071 3262 sanata.
1093 3202 1215 3283 polium
1233 3222 1306 3263 cum

259 3303 335 3366 rino
358 3303 446 3376 albo,
487 3300 592 3360 scillae
619 3311 722 3361 coctae
752 3303 898 3364 drachma
919 3322 1073 3365 unacum
1094 3311 1179 3363 aceto
1201 3302 1306 3362 mulso

259 3404 411 3476 delincta‚
453 3411 506 3461 aut
527 3410 600 3481 pota
620 3421 692 3463 cum
713 3410 792 3482 aqua
814 3404 929 3478 mulsa,
972 3400 1099 3463 struthii
1121 3401 1213 3462 radix
1233 3422 1306 3463 cum

260 3504 354 3566 melle
375 3502 518 3575 delincta,
539 3502 591 3561 rel
613 3517 685 3583 pota
705 3525 777 3566 cum
797 3525 877 3587 aqua
898 3503 1017 3571 mulsa,
1045 3502 1144 3563 solani
1166 3502 1306 3578 humilis,

261 3604 345 3686 quod
365 3602 575 3663 halicacabum
596 3603 729 3679 dicitur,
752 3626 859 3668 succus
872 3624 942 3664 cum
956 3603 1031 3664 rino
1048 3614 1157 3684 potus:
1176 3603 1307 3683 hyacin-

260 3705 308 3766 thi
328 3724 433 3766 semen
453 3722 523 3763 cum
552 3703 701 3765 abrotauo
724 3716 850 3787 potum,
893 3703 1121 3785 chamaepityos
1142 3702 1306 3764 decoctum

260 3804 296 3867 iu
316 3825 416 3884 aqua,
455 3803 652 3866 chamaecissi
673 3805 779 3867 drach.
797 3805 819 3886 j.
840 3826 911 3867 cum
931 3805 1006 3866 rino
1029 3802 1068 3864 ad
1090 3802 1156 3863 dies
1177 3823 1233 3863 sex
1255 3822 1307 3863 se·

244 3900 401 3987 *ptemre,
442 3905 566 3985 sanguis
592 3905 696 3989 catelli
724 3926 794 3966 cnm
823 3914 968 3985 oxycrato
989 3913 1091 3984 potus:
1139 3900 1189 3985 (ia
1209 3901 1305 3963 etiam

260 4006 448 4089 hydropicos
469 4006 635 4081 adiuvatz)
668 4025 809 4082 muscus,
847 4005 902 4085 qui
922 4004 1022 4064 cedris
1043 4002 1159 4063 alhiave
1179 4003 1305 4084 populis

260 4108 449 4182 innascitur,
472 4105 685 4188 magnitudine
707 4105 859 4187 iuglandis
879 4124 897 4164 e
916 4104 985 4165 viui
1006 4102 1099 4164 mulsi
1114 4102 1233 4182 cyathis
1248 4124 1306 4163 sex
1389 4092 1394 4098 ⁵

260 4207 366 4267 triduo
388 4218 490 4289 potus.
531 4206 645 4280 Aliud,
666 4205 750 4286 quod
770 4205 885 4265 eximie
905 4201 1048 4284 proiicit:
1077 4224 1205 4286 spumae
1226 4203 1306 4264 uiui

262 4306 367 4373 drach.
388 4309 421 4389 ij.
441 4309 477 4372 in
498 4308 566 4372 riui
586 4304 721 4369 aminaei
740 4284 857 4388 cyathis
878 4305 997 4368 duobus
1016 4304 1074 4367 suh
1093 4304 1145 4366 dio
1165 4323 1306 4368 macera·
