2817 5009
228 417 234 432 .
266 396 311 467 52
399 451 404 462 ι
537 389 746 448 ιιοΔΑιυιοτ
765 389 1041 449 Λιοῑσονιαοκ

267 548 342 613 τίων
361 539 431 613 τινὸ
449 543 502 630 μέν
530 542 595 608 ἔστι
614 536 656 607 τὸ
673 534 958 629 προκοτόρξαντα,’
975 537 999 609 ἃ
1016 539 1192 630 ποιήσαντο
1210 539 1314 622 πόθος
1373 597 1379 606 ε

251 647 435 734 ’χωρίζεταν
473 642 539 711 οἷον
558 638 653 719 κόπος
672 644 726 709 καὶ
746 639 854 728 ψύξις,
890 644 1047 724 ὸνκαυσις,
1078 648 1132 712 καὶ
1152 644 1193 712 τὸ
1213 671 1315 732 παρα·

266 743 398 833 πλήσια·
418 742 460 812 τὸ
475 742 514 812 di
534 741 686 822 συνεκτικὰ
692 792 703 821 ,
729 739 837 810 διὰτὸ
856 755 953 811 ποιεῖν
982 746 1019 812 τὸ
1049 742 1153 822 πόθος
1180 749 1232 812 καὶ
1252 773 1314 813 πα-

269 850 412 938 ραμένειν,
432 844 596 925 τουτέστιν,
617 835 662 913 οἷν
674 840 728 928 μέν
747 840 910 933 παρόντων
925 844 966 911 τὸ
987 844 1216 932 ἀποτελέσματα
1230 844 1315 933 πάρ·

269 942 364 1031 εστιν,
391 933 600 1033 αὐξανομλένων
621 945 654 1013 δὲ
674 944 808 1025 αὔξεται,
829 948 881 1012 καὶ
898 951 1080 1033 μειουμένων
1098 953 1243 1034 μειοῦται,
1263 952 1316 1015 καὶ

232 1109 235 1116 .
268 1052 466 1136 παυσαμένων
484 1046 631 1114 παύεται·
664 1047 717 1114 καλ
738 1044 885 1132 αὐτοτελῆ
907 1047 1037 1117 δύναται
1056 1048 1128 1116 εἶναι
1149 1045 1230 1117 καθ’
1245 1053 1316 1117 ἰαυ-

166 1165 170 1182 ’
269 1148 311 1221 τὸ
336 1143 559 1237 παραμινόμενα
596 1151 658 1214 ταῖν
689 1144 948 1233 ἀποτελεσμάτων.
999 1152 1067 1218 Καὶ
1093 1156 1234 1218 τοιαῦται
1262 1151 1316 1235 μὲν

269 1257 332 1322 τῶν
352 1257 458 1320 αὸτλων
489 1254 522 1316 αἱ
551 1248 755 1333 δοκιμώταται
782 1249 942 1337 διαφοραί·
983 1248 1023 1319 τὸ
1053 1249 1086 1319 δὲ
1114 1250 1316 1341 ιμθοροποιὸν

270 1353 393 1440 οὐδεμιᾷ
412 1348 530 1420 τὀότων
560 1348 789 1418 ὑποτάσσεσθαι
808 1356 941 1434 πέφυκε·
980 1353 1243 1448 προκαταρκτικὸν
1264 1354 1318 1440 μὲν

269 1455 328 1545 γὰρ
352 1453 408 1522 οόκ
430 1458 526 1529 ἔστιν,
547 1449 703 1538 ἐπειδήπερ
725 1448 887 1530 τὸπάθος
908 1448 985 1520 αδτὸ
1006 1457 1169 1541 παραμένει
1189 1458 1317 1552 καὶτοῦ

272 1556 425 1642 σώματος’
438 1552 475 1621 αὖ
505 1555 715 1640 poenitetur-⁸⁸
757 1551 923 1622 συνεκτικὸν
939 1552 982 1621 δ’
1022 1553 1079 1621 οὐκ
1112 1554 1152 1623 δν
1180 1557 1316 1637 λέγοιτο·

273 1659 417 1728 πλεῖστον
436 1653 489 1741 μὲν
508 1654 568 1742 μὰρ
591 1658 684 1722 τοῦτο
705 1650 884 1738 πόρεστιθζΙ
902 1651 1042 1745 καθόπὶρ
1062 1653 1123 1724 ὑπὸ
1145 1658 1318 1738 λυσσῶντος

268 1759 356 1837 κυνὸς
376 1758 548 1844 δεδηγμένον
566 1759 686 1835 γίνεται.
728 1763 770 1823 Εἰ
790 1757 823 1825 δὲ
850 1757 892 1845 μὴ
913 1760 1174 1846 προκαταρκτικὸν
1193 1766 1317 1841 γίνεται,

248 1921 251 1928 ,
270 1860 344 1950 μηδὲ
365 1856 550 1935 συνεκτικὸν,
572 1856 644 1924 οὐδὲ
664 1855 839 1954 αὐτοτελὲς,
869 1857 939 1926 οὐδὲ
959 1866 1109 1928 συναίτιον
1128 1859 1166 1929 ἄν
1186 1862 1240 1946 εἴη.
1277 1866 1318 1929 Et

235 2009 239 2014 ,
271 1963 305 2032 δὲ
325 1965 358 2028 ἐκ
385 1962 522 2047 μηδεμιᾶς
549 1959 700 2045 διαφορᾶς
726 1965 787 2029 τοῖν
817 1964 924 2028 αἰτίων
952 1958 1035 2039 οἴγειν
1062 1958 1253 2048 δυνησόμεθα
1279 1963 1317 2031 τὸ

256 2058 479 2151 φθοροποιὸν,
500 2064 706 2148 συγχωροῦμεν
720 2058 797 2127 αὐτὸ
815 2059 888 2148 μηδὲ
910 2061 1007 2128 αἴτιον
1028 2059 1177 2148 ὑπάρχειν.
1206 2061 1319 2131 Toros}-

272 2190 341 2256 τωνΙ
363 2162 395 2232 δὲ
423 2163 585 2250 λεγομένων
604 2163 657 2229 καὶ
679 2161 797 2242 όντων,
835 2161 874 2230 τὸ
901 2166 956 2249 μέν
982 2187 1049 2232 τινα
1076 2169 1140 2232 τῶν
1158 2161 1320 2251 ὀνομάτων

306 2339 352 2396 ιε)
371 2301 462 2383 cnei.
480 2333 563 2382 asra.
585 2343 677 2397 sympt.
697 2347 725 2396 p.
741 2341 784 2394 ιι
803 2339 845 2395 ις.
863 2334 903 2382 ια
923 2334 996 2396 aspa.
1137 2369 1141 2378 ,

206 2412 211 2430 ¹
308 2408 353 2461 87)
371 2407 440 2454 ciet.
457 2406 548 2450 Aures
566 2416 637 2452 aeut.
656 2413 690 2462 z,
712 2411 753 2458 15.
770 2419 799 2464 p.
818 2413 878 2465 cry.
898 2403 939 2451 ed.
958 2406 1090 2457 Atmelor.
1107 2407 1187 2455 Forte
1202 2405 1250 2457 hic
1270 2402 1317 2460 ts-

272 2468 388 2539 λοχόθον
406 2472 538 2525 omissum.

273 2643 365 2705 quum
381 2623 525 2685 morbum
540 2622 726 2700 effecerunt,
748 2639 912 2707 acorpors
925 2634 1124 2707 separantur,
1143 2624 1318 2689 cuiusmodi

273 2732 345 2784 sunt
364 2722 469 2797 labor,
504 2722 621 2803 frigus,
649 2735 749 2785 aestus
771 2735 802 2787 et
824 2726 957 2789 similia:
986 2727 1062 2786 ulios
1079 2725 1230 2808 (caussas)
1252 2747 1318 2789 esse

274 2821 482 2895 continentes,
526 2841 604 2899 quaa
633 2827 768 2884 excitato
798 2827 907 2887 morbo
929 2825 1100 2892 etiamnum
1121 2839 1317 2908 permanent,

273 2919 334 2982 hoo
359 2928 421 2994 est,
463 2919 574 2999 quibus
602 2925 812 3001 praesentibus
841 2935 872 2986 et
901 2925 1027 2986 effectus
1056 2926 1169 3007 integri
1189 2928 1316 3004 adsunt,

274 3019 388 3100 quibus
415 3017 656 3081 increscentibus
684 3031 716 3082 et
743 3024 869 3086 effectus
898 3035 1081 3106 augescunt,
1110 3027 1318 3091 decrescenti·

273 3120 331 3181 bns
350 3117 552 3195 minuuntur,
583 3120 793 3184 desinentibus
821 3135 955 3201 cesssnt;
984 3146 1061 3205 quae
1087 3126 1184 3209 igitur
1205 3152 1265 3214 per
1284 3150 1318 3191 se

273 3216 432 3300 perfectae
455 3215 565 3293 (finem
585 3239 642 3298 per
661 3240 695 3279 se
717 3224 952 3301 constituentes)
974 3225 1037 3285 dici
1055 3238 1198 3308 possunt,
1232 3230 1317 3312 quir,

275 3318 350 3377 dum
370 3316 494 3390 adsunt,
517 3317 644 3379 affectus
665 3341 772 3381 omnes
791 3344 850 3405 per
871 3344 904 3383 se
924 3324 1087 3388 inducunt.
1130 3328 1223 3390 Tales
1245 3332 1318 3411 qui-

274 3416 345 3477 dem
365 3425 437 3475 sunt
456 3416 712 3479 celebratissimus
734 3441 910 3483 caussarum
942 3423 1151 3501 differentiae,
1182 3449 1319 3509 quarum

196 3547 201 3562 ι
273 3514 378 3576 neutri
399 3507 445 3575 τὸι
457 3510 652 3599 φθοροποιὸν
671 3520 783 3580 subiici
805 3532 889 3583 recte
913 3535 1022 3605 potest.
1080 3526 1320 3607 Praeparatoria

274 3615 358 3674 euim
378 3633 483 3674 caussa
502 3637 566 3677 non
586 3629 641 3693 est,
662 3621 809 3700 quoniam
831 3622 929 3701 passio
943 3635 1113 3703 permanet,
1134 3645 1192 3684 nec
1207 3647 1226 3686 a
1243 3648 1319 3689 cor·

273 3733 351 3795 pore
371 3725 553 3793 separatum·
576 3738 636 3779 nec
657 3716 866 3780 continentem
888 3741 1023 3810 caussam
1044 3723 1078 3783 id
1098 3726 1167 3805 quis
1188 3725 1317 3804 dixerit,

272 3811 419 3893 quoniam
440 3814 624 3898 plerumque
645 3816 801 3899 (aliunde)
822 3819 923 3894 adest,
944 3824 1203 3901 quemadmodum
1224 3827 1262 3888 fit
1283 3831 1319 3890 iu

272 3912 323 3979 iis,
342 3912 396 3991 qui
416 3932 436 3972 a
455 3933 531 3975 cane
550 3919 673 3979 rabioso
696 3919 831 3978 demorsi
850 3931 932 3980 sunt.
975 3924 1095 4001 Quodsi
1109 3944 1210 4004 neque
1224 3948 1320 4006 prae·

272 4012 448 4091 paratorio,
480 4035 581 4096 neque
610 4020 772 4082 continens
792 4037 897 4079 caussa
924 4020 1040 4096 fuerit,
1082 4024 1192 4103 utique
1211 4045 1319 4109 neque

271 4112 408 4190 perfecta
429 4113 490 4173 dici
509 4128 617 4195 potest,
636 4137 738 4197 neque
758 4117 907 4178 adiuvans
926 4140 1040 4183 caussa.
1080 4123 1214 4201 Quando
1238 4148 1318 4188 vero

272 4204 310 4269 τὸ
330 4209 520 4293 φθοροποιὸν
540 4218 621 4276 nulli
651 4237 827 4277 caussarum
855 4218 1028 4281 discrimini
1058 4243 1220 4283 accensere
1242 4247 1320 4307 pos·

271 4329 393 4388 sumus,
422 4314 576 4378 fateamur
596 4336 719 4380 neeesse
738 4327 800 4395 est,
830 4321 1011 4404 neutiquam
1031 4322 1066 4385 id
1084 4343 1222 4386 cumeum
1243 4317 1328 4390 osse.¹
