2817 5009
455 371 716 428 arnomzrnrs
730 371 767 424 ιν.
962 383 967 406 ·
1074 373 1139 442 205

10 517 11 522 ἵ
97 526 216 595 θέτταν
237 524 290 593 ναί
308 520 574 612 τορυνηθέντανδ
596 517 701 608 χυλός·
723 516 841 588 'mitt
868 523 931 588 τῶν
958 522 1027 610 δίχα
1047 518 1140 608 δλγη-

99 625 188 705 δάνος
208 629 464 752 ῥευματιζομένων
484 622 605 748 ἁρμόζει
630 621 711 708 άλμες
732 619 805 707 μετά
826 623 932 701 οίνου,
960 628 1049 749 κέρας
1068 621 1141 693 ἐλά-

102 755 188 820 φειον
208 731 387 814 κεκαυμένον
405 728 459 795 σὺν
484 728 557 813 οίνῳ
578 752 630 792 και
622 725 778 811 ῥοδίνῳ·
801 723 1004 814 άῤῥενινὸν
973 751 1027 794 συν
1046 724 1141 824 χάρτῃ

98 857 277 915 mmor
302 826 463 900 διπλάσιον
489 832 541 896 καί
568 829 657 913 οίνῳ·
701 822 854 915 μολύβδου
876 829 1055 947 σκαρία,”
1035 858 1055 916 η
1083 855 1142 914 μο-

97 927 245 1024 ls‘pldmru
263 932 339 1018 μετὰ
357 937 544 1018 μυρσινίνου·
587 928 742 1050 diupei-roc
771 928 825 996 οδν
849 925 979 1020 πτισάνη
1007 943 1142 1013 τανεϊσα,

99 1041 222 1125 οτοίβης
244 1030 381 1122 ἆπάζεμα
404 1059 458 1101 συν
477 1034 568 1117 οίνῳ·
607 1026 699 1116 γάρος
718 1025 736 1097 ὁ
757 1027 823 1097 άπὸ
853 1036 915 1097 τῶν
934 1027 1047 1116 ἰχθύων
1067 1036 1145 1100 irad·
1201 1057 1204 1064 ¹

98 1163 182 1226 μενος
202 1138 255 1204 ert
274 1141 338 1204 τῶν
356 1132 441 1237 μετὰ.
454 1138 571 1218 νομῶν,
592 1131 646 1198 καί
665 1128 684 1198 ὅ
704 1128 768 1199 άπὸ
787 1136 849 1198 τῶν
869 1132 1033 1218 σιλούρων·
1056 1139 1145 1201 νσνία

101 1246 204 1325 mulsa
226 1234 358 1325 σταιττὴ·
404 1238 497 1323 ου’ρον
517 1227 683 1302 παλαιάν·
705 1227 823 1318 κυάμου
844 1230 1000 1318 ἑλληνυισυ
1020 1259 1075 1302 του
1096 1237 1145 1302 λε-

100 1345 182 1419 mos]
204 1340 243 1408 τὸ
265 1337 413 1424 άφέιμρμα
434 1338 489 1405 σὺν
511 1341 614 1421 αἰγείῳ
635 1337 759 1401 στέατι·
776 1335 948 1422 λυσιμαχίου
961 1334 1060 1423 χυλὸς,
1083 1335 1146 1404 λισ-

99 1447 157 1509 τοῦ
180 1441 200 1528 ἢ
223 1444 321 1526 φηγοῦ
339 1435 517 1527 πρισμάτων
537 1435 765 1522 άφέιμνγμασίνν
785 1441 888 1523 αἰγείῳ
905 1440 1024 1505 στέατι.
1050 1439 1147 1524 μελισ-

101 1540 259 1626 οορίλλου
278 1539 384 1630 χυλὸς,
403 1539 509 1626 μίλτος
530 1535 671 1626 οινιοττιαίχ
694 1537 752 1607 σὺν
773 1538 942 1624 άποζέματι
961 1538 1107 1624 στύφοντι
1126 1537 1147 1629 ἢ

102 1642 231 1738 ὀξάλμῃ.
1180 1665 1182 1670 ’

187 1752 282 1830 Κεφ.
304 1739 359 1823 νγ.
408 1738 645 1828 Ἀποθεραπεάει
666 1743 700 1807 δέ
720 1737 830 1818 τάςκὲ
851 1745 914 1808 τῶν
933 1743 1149 1826 ἐπιτεταμένον

10 1841 11 1850 ¹
104 1843 254 1931 ίνεμάτιυν
273 1842 368 1930 δήξεις
388 1842 506 1926 γάλαί
505 1868 630 1928 γχυματι
632 1839 772 1929 ξάμενον,
794 1838 1008 1930 ἢβουτυρον,
1040 1839 1151 1930 ἦχόν·

105 1950 177 2034 δρου
200 1943 426 2038 ᾆιγέιμημα·”
407 1941 586 2032 ηταάρειον
608 1941 699 2032 στέαρ
722 1943 977 2030 τεθεραπευμένον
1001 1942 1056 2010 σὺν
1077 1970 1150 2010 πτι-

106 2047 199 2135 σάνης
217 2047 315 2135 χυλῷ·
358 2045 551 2138 ἢὶὀρνίθειον
573 2039 701 2132 ὁμοίως,
723 2043 743 2129 ἢ
761 2040 894 2130 χήνειον,
914 2041 933 2130 ἢ
950 2040 1102 2128 ἐλάσειαν·
1129 2042 1150 2132 ἢ

106 2148 210 2236 μυελδς
230 2145 365 2231 ἐλάσεως
370 2197 382 2228 ,
402 2148 422 2238 ἢ
441 2144 576 2236 μόσχειος
595 2144 665 2216 καθ’
689 2145 798 2215 ἑαυτὸν
818 2142 941 2233 χλιαρὸς
947 2194 959 2224 ,
979 2144 999 2231 ἢ
1021 2144 1080 2213 οὐν
1097 2171 1151 2234 χυ-

107 2252 152 2339 ta
171 2245 327 2337 πτισάνης.
529 2276 532 2282 ·

110 2518 269 2570 coctorum
297 2507 495 2589 tudiculaqua
523 2505 707 2588 agitatorum
735 2525 865 2568 cremor.
926 2506 969 2567 Iis
991 2527 1077 2583 vero,
1097 2507 1153 2588 qui

111 2610 187 2671 citra
214 2607 524 2686 dolaremlssuxione
554 2608 762 2683 infestantur,
803 2607 880 2668 haec
905 2607 1010 2667 infusa
1038 2628 1155 2668 conva-

110 2711 221 2773 nient:
242 2709 344 2770 muria
367 2728 435 2767 cum
458 2707 545 2783 vino,
567 2729 665 2770 cornu
683 2709 847 2770 cervinum
866 2719 970 2769 ustum
991 2729 1061 2768 cum
1081 2709 1153 2770 vino

111 2823 141 2872 et
162 2831 309 2885 rosaceo,
349 2808 523 2869 arsenicum
554 2809 683 2892 duplum
714 2818 882 2869 crematum
909 2827 979 2869 cum
1001 2807 1106 2868 charta
1125 2819 1156 2871 at

111 2899 210 2985 diuo,
251 2909 372 2992 plumbi
399 2909 498 2968 scoria
526 2919 581 2969 aut
600 2909 803 2989 molybdaena
824 2930 895 2970 cum
916 2909 1053 2988 myrtino
1075 2911 1155 2987 oleo,
1183 2953 1189 2961 ·

110 3013 254 3074 bitumen
276 3030 345 3070 cum
367 3008 486 3090 ptisana
500 3008 662 3089 liquatum,
684 3011 789 3071 stoebe
807 3010 914 3071 infusa
932 3010 1026 3071 vino:
1047 3031 1155 3090 garum

111 3125 179 3175 tum
201 3114 335 3173 aliorum
357 3109 508 3190 piscium,
527 3117 593 3170 tum
621 3110 715 3171 etiam
739 3111 925 3190 silurorum,
946 3110 985 3169 iis
1006 3111 1156 3190 infusum,

114 3214 227 3296 quibus
254 3221 326 3271 sunt
356 3209 549 3288 depascentia
574 3212 697 3272 ulcera:
737 3212 885 3272 lixivium
918 3210 1017 3271 elien
1034 3209 1174 3273 stilletis

113 3315 205 3387 tium,
225 3312 319 3371 urina
338 3310 482 3389 antiqua,
506 3310 594 3369 fabae
615 3331 740 3389 graecae
760 3311 891 3372 minoris
911 3311 1070 3370 decoctum
1086 3334 1157 3373 cum

114 3434 189 3475 sero
202 3410 355 3492 caprino,
383 3410 582 3491 lysimachiae
600 3430 727 3484 succus,
763 3410 820 3470 loti
842 3421 895 3470 aut
917 3411 981 3492 sagi
1000 3424 1158 3475 ramentu-

114 3534 186 3576 rnm
209 3512 368 3572 decoctum
392 3531 463 3569 cum
484 3509 575 3591 adipe
595 3510 740 3590 caprino,
760 3509 886 3590 apiastri
907 3531 1033 3587 succus,
1053 3513 1159 3574 rubri-

116 3635 152 3675 ca
172 3612 313 3693 sinopica
332 3631 404 3670 cum
427 3610 551 3670 decocto
574 3609 762 3689 astringente
780 3620 834 3671 aut
856 3611 942 3671 acida
964 3613 1075 3674 muria.

201 3712 289 3792 Cap
309 3711 394 3772 LIII.
449 3712 573 3771 Morsus
599 3710 817 3772 intestinorum
838 3732 857 3771 a
876 3711 1159 3775 vehementioribus

117 3812 346 3877 acrioribnsve
344 3811 544 3924 clpsmstibus
572 3811 721 3871 excitatos
747 3811 870 3874 leniunt
895 3834 930 3875 ac
950 3814 1093 3904 mitigant
1112 3813 1160 3876 lac

118 3913 277 3987 infusum,
298 3923 351 3973 sut
371 3899 534 3994 butyrum,
554 3921 608 3971 ant
627 3909 759 3972 chondri
780 3911 958 3992 decoctum,
979 3925 1032 3976 aut
1050 3934 1159 3977 serum

118 4015 278 4077 taurinum
312 4033 384 4074 cum
413 4012 551 4094 ptisanae
579 4031 720 4073 cremore
746 4024 897 4076 curatum.
959 4015 1112 4077 Similiter
1129 4025 1162 4080 st

119 4125 245 4198 paratus
266 4112 450 4196 gallinaceus
469 4114 571 4195 adeps,
588 4113 758 4187 anserinus,
778 4123 832 4174 aut
845 4112 1005 4177 cervinus:
1025 4115 1161 4179 medulla

121 4216 231 4276 itidem
252 4215 378 4278 cervina
398 4225 450 4275 ant
470 4212 618 4290 vitulina,
638 4234 693 4277 seu
713 4235 770 4297 per
788 4235 821 4275 ss
841 4215 945 4297 tepida
965 4216 1085 4286 inlusa,
1105 4239 1162 4282 seu

53 4384 55 4386 ,
124 4317 214 4376 etiam
234 4335 305 4376 cnm
326 4334 464 4377 cremore
477 4315 623 4396 ptisanae.
