2817 5009
153 371 155 376 ’
237 388 288 452 m
314 374 705 449 u1oscou'1umu
746 385 802 452 1v.
823 381 990 450 76-78.
1021 396 1026 404 ⁴
1070 386 1134 455 607

93 543 174 610 nisi„
203 541 348 620 Magnam
377 535 470 598 etism
485 535 611 598 ‘habuit
631 545 752 619 partem
771 537 806 598 in
827 537 998 619 praestigiis
1017 549 1049 603 et
1069 559 1134 600 ma-

93 643 168 724 gicis
203 639 320 700 artibus
347 638 557 725 Colchorum,¹
597 657 669 698 cnm
695 639 812 698 Hecate
839 640 995 701 iuvenisse
1026 648 1057 700 et
1075 638 1137 699 hoo

93 731 256 826 φᾶρμοκον
276 740 389 826 etalio
410 733 575 800 dicatur.⁴⁸
614 739 846 801 Fabulabantur
864 761 1004 821 quoque,
1026 742 1137 815 exiis,
1158 733 1162 746 ’

93 864 171 925 quae
191 841 346 902 Cerberus
367 839 488 902 vomitu
508 839 670 914 reiaeccii,
692 851 794 900 natam
817 841 913 902 fuisse
934 839 1116 944 herbpm.⁴⁰
1221 907 1232 924 .

175 943 262 1003 Haeo
284 940 391 1002 omnis
405 941 515 1008 vvalent
535 940 575 999 de
595 940 770 1021 priscorum
793 941 984 1002 Graecorum
1005 945 1137 1023 aconito,

93 1042 176 1125 quod
197 1042 291 1103 etiam
311 1061 484 1124 cognomen
504 1036 726 1123 παρδαλιαγχές
746 1041 849 1114 habet,

429 1191 472 1204 -
490 1191 534 1204 —
555 1156 620 1221 ἐπεὶ
639 1151 764 1241 dieseos
785 1151 934 1238 arel-uipera

177 1256 297 1342 πότμον
316 1250 507 1337 doonddrus
526 1280 559 1321 τε
575 1256 629 1322 saul
648 1261 822 1342 αἶγόνομῆες
847 1260 951 1326 iliano
977 1341 981 1350 ἱ

170 1358 253 1445 Ἴδης
273 1361 305 1423 ἐν
324 1367 481 1443 κνημοῖσι,
511 1356 708 1450 Φαλοκραίῃς
728 1358 768 1423 i'u
786 1357 921 1446 βῆσσαις,
929 1358 962 1406 ⁴⁷

94 1479 166 1559 quia
185 1479 333 1541 videlicet
354 1489 489 1557 pastores
511 1499 548 1538 eo
568 1480 710 1560 pardales
724 1492 861 1540 enecent.
883 1481 1034 1563 Adiungit
1047 1484 1139 1543 scho-

40 1631 44 1636 .
92 1581 194 1641 liastes
217 1581 355 1641 fabulam
378 1578 417 1636 de
445 1588 580 1639 stercore
608 1566 762 1655 humano,
792 1580 886 1640 huius
916 1582 1029 1641 veneni
1057 1584 1141 1643 anti-

94 1681 184 1755 doto,
205 1669 424 1762 etdsplvcpdrou
445 1679 637 1759 cognominis
654 1681 888 1761 etymologiam:
912 1673 971 1755 ὅτι,
987 1675 1039 1743 ἐὰν
1053 1675 1140 1764 ἅψη-

93 1803 144 1845 ται
163 1781 272 1864 μορίου
292 1775 420 1861 θήλεος,
455 1774 626 1861 διαφθείρει
651 1774 690 1843 τὸ
719 1777 816 1856 ζῶον·
855 1775 1022 1866 Κάμμορον
1043 1783 1141 1864 fuisse

92 1885 282 1968 appellatum
299 1883 384 1942 idem
403 1881 499 1959 addit,
518 1873 569 1943 ὅτι
587 1881 673 1962 κακῷ
690 1875 776 1965 μόρῳ
795 1876 971 1964 ἀναιρεῖται.

175 2002 227 2061 De
248 1999 382 2060 Aconito
401 2009 504 2059 autem
525 1998 749 2060 Pardalianche
769 2001 961 2061 Dioscuridis
981 2023 1143 2086 exponen·

94 2101 133 2162 do
159 2100 253 2163 valde
274 2099 485 2160 dissenserunt
511 2097 558 2158 rei
585 2099 748 2159 herbariae
776 2112 887 2180 patres.
947 2103 1143 2182 Longissima

93 2201 236 2283 prolecto
264 2200 419 2260 aberravit
446 2194 656 2274 Fuchsins⁴⁸‚
701 2200 756 2281 qui
783 2200 895 2261 Paride
919 2201 1143 2283 quadrifoliam

24 2323 28 2332 ¹
93 2302 153 2362 hoc
172 2300 302 2361 nomine
322 2308 457 2360 ornaret.
492 2366 495 2372 ,
518 2300 586 2361 Nec
607 2302 702 2363 Conr.
730 2300 870 2362 Gesnero
899 2302 1143 2376 assentiendum,

94 2397 147 2484 qui
168 2400 392 2462 Rauunculum
411 2399 569 2473 Thoram,
589 2421 645 2460 seu
666 2400 836 2461 Phthoram
860 2401 1062 2463 Valdensiom
1083 2423 1142 2460 ve·
1232 2463 1236 2484 Ι

94 2525 161 2564 ram
182 2523 249 2562 esse
270 2500 350 2559 hanc
369 2499 507 2579 plantam
528 2493 682 2572 statuit.⁴⁹
723 2498 870 2582 Namque
889 2522 948 2561 nec
969 2502 1059 2562 radix
1075 2503 1142 2568 Ra-

94 2601 225 2665 nouculi
246 2598 360 2679 scorpii
381 2599 507 2658 caudam
528 2620 604 2680 prae
626 2622 659 2660 se
680 2602 760 2676 fert,
800 2623 859 2662 nec
880 2602 958 2662 folia
976 2613 1049 2661 sunt
1069 2603 1143 2662 sub-

94 2722 209 2784 aspera.
253 2696 437 2760 Matthiolus
458 2698 555 2778 igitur
577 2702 608 2760 et
626 2701 1002 2781 Arnieumsdorpioidem
1022 2715 1052 2761 ot
1070 2704 1141 2761 Do-

95 2804 237 2876 rons'crsm
255 2799 442 2876 scorpioides
460 2797 573 2860 Willd.
602 2801 725 2880 primus
756 2802 815 2861 hoc
844 2802 972 2861 numine
999 2801 1145 2861 introdu-

94 2900 194 2963 xit.⁶⁰.
249 2891 332 2959 Illud
352 2907 383 2957 et
401 2895 601 2957 Duronioum
620 2901 876 2961 Pardulianclres
905 2913 936 2963 ct
956 2901 1144 2961 Dodonaeas

94 3006 223 3063 nomine
244 2999 353 3059 eodem
375 2993 586 3063 delineavit.⁸¹
647 3001 734 3062 Idem
766 3024 831 3064 esse
861 3003 1055 3062 Dioscuridis
1076 3004 1145 3081 pri-

94 3124 181 3162 mum
202 3100 362 3162 aconitum
384 3119 419 3157 ac
440 3101 587 3182 σκορπίον
605 3100 835 3183 Theophrasti,
879 3102 932 3181 qui
953 3113 983 3162 et
1000 3094 1145 3184 θρλυρό·

95 3219 149 3268 tor
169 3195 347 3273 vocatur⁵²,
369 3197 520 3259 facillime
541 3201 610 3262 erui
630 3213 745 3282 potest:
783 3203 927 3283 probarit
947 3202 980 3261 id
1000 3202 1145 3283 praepri-

97 3304 156 3363 mis
177 3303 252 3362 Fab.
272 3299 443 3371 Columna,
483 3291 678 3359 Doronicum
704 3301 894 3379 scorpioides
916 3304 969 3361 W.
998 3301 1060 3361 huc
1081 3281 1150 3361 tra·⁸

48 3423 52 3430 ²
95 3400 222 3463 hens.⁵³
282 3400 425 3476 Cumque
445 3395 636 3458 Lobelins⁵⁴
665 3413 695 3459 et
717 3399 880 3461 clusius⁶⁵
902 3403 1022 3461 diluere
1042 3401 1145 3481 suspi-

97 3502 219 3563 cionem
248 3489 416 3561 venena'tae
443 3497 557 3557 indolis
587 3500 697 3559 radicis
733 3502 916 3582 scorpioidis
947 3479 1144 3573 conarentur,

96 3602 236 3662 adductis
250 3600 289 3660 de
303 3597 468 3656 aromatica
484 3598 584 3686 potius
599 3602 631 3658 vi
643 3602 842 3678 testiinonii23
864 3604 949 3661 litum
961 3603 1035 3660 rude
1042 3610 1144 3659 natam

95 3700 138 3761 ita
155 3717 341 3781 componere
358 3697 459 3758 studet
476 3698 647 3776 Columna,
670 3711 723 3776 ut,
746 3723 825 3782 quae
841 3703 1028 3762 animalibus
1044 3700 1145 3760 brutis

97 3855 306 3872 -Q

130 3954 177 4006 45)
194 3949 275 3997 Diod.
292 3952 394 4008 sicus,
412 3959 456 4010 45.
490 3952 578 4000 schol.
594 3955 722 4013 Apollon.
739 3953 827 4001 naon.
849 3969 878 4000 v.
899 3962 957 4005 ὄπι.
1030 3993 1036 4006 ,

131 4021 178 4076 46)
195 4018 283 4063 schol.
300 4021 497 4072 Nicaud.1lex.
517 4035 547 4070 v.
571 4030 610 4074 ιε.
713 4032 758 4079 47)
777 4024 887 4070 Nicand.
906 4027 972 4067 alex.
991 4034 1018 4067 v.
1035 4027 1076 4076 53.
1183 4021 1188 4030 ‘

130 4089 177 4139 43)
195 4089 227 4130 L·
247 4097 269 4130 o.
290 4102 316 4145 p.
334 4097 376 4143 87.
478 4090 525 4152 49)
541 4091 582 4136 Dc
599 4089 684 4137 hortis
704 4083 787 4136 Geim.
807 4093 827 4138 f.
846 4087 925 4147 alab.

133 4155 180 4211 50)
198 4153 229 4194 L.
247 4165 315 4210 ep.
334 4159 394 4211 7⁶2·
549 4163 590 4211 ω)
610 4164 640 4207 L.
658 4171 682 4203 c.
699 4173 726 4215 p.
748 4168 808 4217 437·

132 4225 177 4271 52)
198 4219 266 4263 nist.
284 4223 320 4278 pl.
345 4235 377 4280 9,
399 4235 439 4280 ιθ.
543 4233 588 4280 53)
606 4225 729 4284 Ecphras.
749 4236 772 4272 n.
791 4243 817 4284 p.
833 4239 874 4284 57.

131 4289 178 4342 ⁶4)
195 4287 305 4337 Advers.
321 4306 347 4348 p,
365 4302 421 4350 ²9¹·
525 4298 570 4351 55)
588 4296 658 4341 Hier.
677 4304 702 4342 a.
723 4311 750 4355 p.
770 4308 810 4354 17.
831 4310 870 4360 ¹9·
