2817 5009
266 389 322 454 ru
352 387 726 453 uroscouruuu
766 371 1013 457 arro-119.
1099 393 1162 465 397

53 579 59 589 ·
108 547 179 610 lena
206 543 281 624 alsit.
322 540 385 604 His
413 539 539 623 quidem
560 559 720 622 processus
740 540 841 604 ricem
868 539 1043 617 foliorum,
1084 565 1164 626 quaa

108 647 206 709 nulla
225 645 352 715 adsunt,
373 631 446 724 agit.
504 639 656 721 (lapsulae
681 647 756 705 sunt
775 640 1004 721 bi-trivalves3
1043 627 1163 708 semina

108 766 249 808 comosa.
289 743 406 806 Gallae.
422 738 502 823 gerit
521 740 762 823 pedunculatas,
795 761 851 803 seu
880 742 983 822 potius
1004 743 1086 825 apici
1106 766 1162 806 ra·
1240 731 1245 738 “

108 847 279 908 naulorum
299 841 485 915 insidentes,
506 839 615 903 ciceris
635 840 729 918 mole,
749 839 863 912 furem,
882 839 967 904 intus
979 843 1092 907 solidas
1110 846 1162 910 vel
1218 871 1222 878 ·

110 944 309 1028 grauulosaa.
548 1017 558 1026 .

198 1045 379 1125 Empetrum
401 1042 517 1116 album,
539 1041 623 1122 quod
643 1041 707 1103 huc
729 1039 826 1103 traxit
846 1040 974 1103 Amatne
982 1041 1161 1120 Lusitanus,

108 1144 297 1207 Lusitaniae
329 1143 492 1226 proprium
523 1150 586 1210 cst,
626 1162 728 1222 neque
756 1142 825 1203 ullo
853 1141 946 1202 modo
972 1141 1049 1204 haec
1067 1145 1162 1214 arbor

110 1266 188 1307 cuna
217 1264 255 1304 eo
282 1241 433 1306 fruticnlo
457 1239 610 1302 confundi
645 1250 755 1322 potest
817 1237 932 1322 Neque
957 1242 1162 1306 Trisnthama

109 1345 301 1408 fruticosum
323 1341 448 1415 Vahlii,
474 1362 530 1402 seu
554 1341 789 1422 Gymuoearpus
801 1342 983 1422 fruticoaus
1001 1338 1161 1421 Forsk.⁸⁴,

110 1464 210 1526 quem
232 1444 308 1505 olim
331 1462 389 1523 pro
409 1434 571 1504 denual-lde
590 1439 737 1517 habni⁸⁵,
756 1441 819 1502 huc
837 1441 983 1524 pertinet.

198 1542 272 1623 Cap.
295 1542 412 1604 (DUX.
451 1534 581 1625 Ῥάμνος
595 1543 799 1611 Graecorum,
819 1541 1006 1623 Aesculapio
1024 1539 1160 1621 sacram,

111 1633 321 1727 Περσεφὸνιον
347 1643 507 1704 dicebatur
526 1646 565 1705 ab
585 1665 643 1705 usu
663 1641 696 1708 dr
717 1649 784 1715 τοῖς
803 1640 998 1721 ἔναγίσμασιε
1027 1664 1086 1723 pro
1106 1644 1160 1705 fo-

110 1745 204 1806 ribus
227 1743 311 1804 enim
340 1744 600 1824 suspendebatur,
634 1755 669 1806 ut
692 1744 761 1816 Dii,
782 1741 880 1803 inferi
908 1741 1160 1824 expiarentur.⁸².

109 1845 199 1907 Hinc
219 1855 252 1904 et
279 1831 437 1905 Nicander
462 1835 638 1928 dlslsdppr,
667 1840 843 1918 ἀλεξίκακον
872 1862 948 1905 vero
972 1843 1160 1925 Euphorion

109 1945 245 2007 dicebat.
286 1943 364 2005 Afra
391 1964 446 2005 seu
471 1946 587 2026 punica
606 1946 773 2027 appellatio
794 1957 839 2005 est
866 1942 1032 2004 manifesto
1063 1945 1159 2006 semi-

108 2044 192 2107 rica:
212 2035 322 2108 dandis
343 2041 427 2104 euim
450 2054 495 2106 est
514 2045 643 2126 pluralia
664 2045 828 2107 chaldaeus
848 2059 952 2135 mna,
982 2043 1070 2105 cuius
1090 2045 1159 2108 ein·
1278 2039 1282 2044 ’

108 2144 228 2227 gularis
248 2158 316 2236 'rats
335 2142 371 2203 iu
390 2153 497 2205 vetere
515 2154 696 2206 testamento
716 2146 834 2228 pluries
853 2145 964 2207 obrius
985 2135 1082 2206 est-⁸⁸

194 2245 290 2305 Hunc
324 2241 471 2304 fruticem
499 2244 618 2326 primus
644 2245 679 2306 P.
716 2246 852 2329 Alpinus
879 2243 1002 2307 arabico
1029 2245 1159 2310 nomine

109 2371 213 2455 gwy
234 2358 433 2438 (wanoh)
461 2361 546 2442 Useg
568 2353 730 2443 descripsit
757 2385 793 2425 ac
824 2358 1042 2425 delineavit.⁰⁹
1102 2365 1158 2428 Est

109 2464 239 2537 frutex,
264 2459 359 2521 ramis
382 2459 514 2536 strictio,
542 2461 666 2543 rigidis,
688 2484 821 2544 qnorum
842 2463 957 2527 ramuli
976 2462 1158 2527 horizonta-

109 2561 158 2623 les
184 2557 380 2643 spinescunt:
421 2558 500 2621 folia
536 2571 609 2623 sunt
632 2563 820 2639 lanceolata,
862 2565 988 2639 obtusa,
1029 2566 1156 2648 oblique
1266 2561 1268 2566 ¹

107 2660 212 2734 flexa,
234 2659 440 2722 canescentiaz
468 2661 560 2723 llores
580 2661 693 2738 albidi,
722 2664 843 2750 fructus
864 2664 957 2747 nigri.
1019 2667 1156 2747 lycium

109 2771 157 2822 est
176 2782 372 2839 europusum.
414 2762 548 2841 Lycium
566 2763 676 2844 afrum
695 2764 904 2827 videturesse
923 2755 1156 2851 driuroos‘rs'pc,
1243 2775 1246 2778 ’

107 2855 284 2943 λευκοτέρα.
343 2859 524 2923 Rhamnum
550 2865 677 2924 tertium
704 2862 894 2927 Lobclius⁸⁹
921 2869 956 2929 in
988 2868 1156 2951 Gallopro·

107 2961 268 3024 vinciret
289 2960 379 3021 Italia
399 2962 551 3042 reperisse
571 2962 712 3024 credidit.
776 2964 856 3042 Sed,
895 2987 987 3048 quem
1008 2967 1154 3050 delineat,

107 3062 219 3124 frutex
240 3069 285 3121 est
304 3063 463 3139 Mespilus
491 3061 714 3142 Pyr-acantho,
753 3065 855 3128 baccis
877 3067 1062 3129 ruberrirnis
1082 3069 1155 3131 lon-

107 3161 235 3243 gissime
264 3160 411 3222 differens
437 3182 456 3221 a
484 3162 677 3224 Dioscuridis
704 3163 829 3224 liutius.
895 3166 1048 3247 Equidem
1075 3169 1154 3231 olim

107 3260 206 3321 habui
227 3260 408 3321 Rhenanam
427 3261 591 3335 oleus'dsm,
611 3264 665 3323 sed
687 3262 808 3323 fructus
828 3263 1038 3327 adversantur.
1078 3268 1153 3330 Non

107 3361 202 3424 rideo
224 3360 385 3441 profecto,
406 3361 532 3441 quinam
554 3381 618 3423 esse
639 3361 736 3443 possit
755 3361 808 3421 lrio
828 3361 953 3439 frutex,
973 3365 1034 3425 nisi
1055 3366 1155 3432 inerit
1234 3385 1241 3396 '

88 3462 268 3523 ‘Paliurus
286 3461 442 3520 australis
468 3460 613 3535 Gaertn„
654 3481 710 3521 seu
737 3461 903 3522 Rhenanus
922 3464 1081 3525 Paliurus
1101 3469 1151 3546 L,

107 3560 202 3628 cuius
219 3558 340 3621 fructus
362 3561 506 3644 estiatur
528 3558 638 3642 (draps
657 3560 749 3634 sicca,
772 3560 879 3639 slata),
901 3562 1037 3625 folliculi
1052 3587 1152 3649 prope

106 3659 225 3744 figura,
245 3660 406 3721 vertebrae
422 3660 461 3720 sd
482 3659 598 3721 instar:
619 3660 720 3721 aculei
734 3662 826 3724 etiam
839 3661 942 3743 potius
955 3673 1037 3739 sunt,
1057 3686 1151 3746 quam

106 3759 226 3840 spinae.
286 3759 431 3821 Attamen
457 3779 533 3820 mox
559 3760 628 3842 ipse
657 3759 684 3821 is
704 3741 813 3823 fruto}
831 3763 873 3842 (o.
895 3763 981 3847 121.)
1000 3767 1149 3849 sequitur,

105 3857 163 3920 ubi
183 3877 290 3919 semen
309 3857 474 3923 manifesto
494 3881 514 3922 a
532 3859 640 3924 fructu
659 3859 869 3943 distinguitur.
976 3943 977 3948 η
1094 3917 1099 3938 ,

110 3991 317 4010 m

141 4084 187 4138 04)
206 4077 285 4131 conf.
301 4067 410 4128 Viviau.
429 4078 457 4131 ll.
472 4079 557 4144 lllsyc.
573 4091 595 4134 t.
616 4097 656 4136 ιο.
669 4082 691 4132 f.
710 4098 733 4130 r.

140 4153 185 4205 35)
201 4148 271 4194 Hlss.
285 4147 324 4194 rel
343 4148 417 4196 herb.
437 4163 460 4195 r.
475 4164 503 4208 p.
522 4157 580 4210 ²74·
681 4150 728 4216 ao)
747 4153 857 4201 Pansam
876 4163 907 4217 ε,
927 4163 970 4214 ι4.

140 4221 184 4273 37)
199 4215 289 4261 schol.
308 4215 419 4272 Nicand.
430 4216 497 4267 ther.
515 4233 542 4268 r.
561 4220 622 4276 362.

139 4287 186 4341 aa)
204 4285 298 4335 Genea,
311 4293 361 4342 ao,
379 4299 419 4334 ro.
437 4284 499 4336 lud.
516 4300 548 4349 9,
567 4295 608 4348 aa.
672 4288 718 4354 09)
733 4287 845 4338 aaran.
863 4303 896 4350 p„
910 4294 972 4349 453.
