2817 5009
196 387 199 394 '
239 363 343 485 ''402
464 365 516 418 ‘⁵
590 355 1016 488 conmonuemus

368 558 525 656 Punicum
551 578 667 620 nomeu
694 544 861 639 φυλλισᾶδε
880 555 1006 619 videtur
1024 559 1113 645 ngle-
1121 546 1211 644 utba,
1232 558 1335 617 mira·

287 668 361 730 bitis
382 643 478 724 herba
498 663 610 739 compi

368 782 445 862 Cap.
465 775 644 839 CXXVIII
705 772 870 837 Ladanum
898 794 954 837 seu
980 773 1104 838 Ledam
1130 772 1227 836 variis
1255 774 1334 836 Cisti

287 883 447 968 speciebus
467 878 620 960 gignitur:
653 877 792 958 plurima
822 878 893 938 fere
918 877 1007 957 copia
1030 878 1115 938 Cisto
1142 875 1334 955 lodmisero,

289 986 345 1068 qui
361 979 501 1058 ,omniuo
529 976 671 1058 longiora
698 986 730 1036 et
759 977 856 1059 magis
887 975 1072 1059 nigricantis
1093 976 1184 1037 babet
1203 974 1336 1055 reliquis

260 1135 262 1140 .
288 1078 447 1167 speciebus
467 1078 555 1141 folia,
574 1076 676 1156 sed,
693 1074 767 1138 'cum
788 1075 915 1138 nonnisi
935 1076 969 1137 in
987 1076 1137 1158 Hispania
1155 1075 1337 1138 Lusitania·

290 1205 351 1266 que
372 1184 518 1244 iuventus
539 1177 595 1251 sit,
617 1178 836 1258 ambigendum
859 1189 921 1251 est,
953 1177 1150 1239 Dioscorides
1180 1197 1253 1236 eum
1284 1174 1335 1235 iu·

288 1282 454 1350 tellexeait.
495 1277 597 1356 Vulgo
619 1280 726 1340 Cirtas
748 1282 881 1339 creticus
907 1277 935 1338 is
955 1297 1019 1337 esse
1038 1276 1192 1349 creditur,
1223 1296 1336 1355 quam-

172 1415 186 1427 ··
290 1384 339 1448 vis
366 1379 444 1448 lolia
471 1396 529 1466 uec
560 1376 704 1456 longiora
730 1379 811 1454 sint,
848 1399 907 1439 nec
929 1375 1066 1458 nigriora
1095 1376 1236 1456 reliquis.
1301 1373 1336 1435 Si

291 1469 428 1544 colorem
445 1476 649 1538 Dioscorides
669 1476 756 1536 floris
784 1476 967 1553 addidisset,
1005 1475 1098 1537 dubia
1124 1477 1246 1559 species
1268 1495 1336 1536 esse

290 1583 380 1645 nullo
401 1586 502 1661 posset
522 1577 633 1652 modo,
664 1573 811 1657 quoniam
834 1576 870 1637 C.
890 1576 1023 1639 creticus
1043 1597 1150 1652 roseo,
1181 1576 1336 1639 ladanile-

290 1702 345 1746 rus
363 1679 433 1739 albo
452 1677 530 1737 flore
550 1686 727 1736 constanter
749 1676 884 1757 praediti
903 1686 983 1737 sunt.
1050 1683 1055 1690 ’

372 1793 586 1856 viscositatem
607 1791 711 1874 excipi
732 1814 751 1852 a
772 1793 871 1875 capris
892 1794 1102 1874 pascentibus,
1123 1815 1202 1876 quae
1214 1803 1246 1854 et
1262 1794 1336 1855 ber·

289 1896 339 1961 bis
359 1904 391 1956 et
410 1892 582 1953 femoribus
603 1893 787 1967 adhaereat,
822 1894 948 1974 antiqua
969 1903 1014 1954 est
1036 1893 1177 1968 traditio,
1196 1896 1282 1955 unde
1305 1905 1336 1955 et

290 1988 584 2079 dnmpuyonoiyaoto
601 1994 682 2054 dixit
703 1992 849 2054 ladanum
870 1993 1074 2074 Asclepiades.
1083 1991 1111 2036 ¹⁵
1150 1994 1226 2056 Rufi
1241 1995 1335 2056 etiam

291 2098 421 2184 Ephesii
443 2116 551 2159 versus
569 2093 659 2155 uobis
679 2091 819 2152 Galenus
838 2094 994 2153 servavit:

370 2206 462 2279 Ἄλλο
483 2205 521 2272 δέ
536 2231 599 2272 που
621 2203 701 2270 κατὰ
722 2216 816 2285 γαῖαν
833 2203 988 2295 Ἐρέμβαν
1008 2203 1140 2292 λήδανον
1156 2205 1253 2296 εὕροις

374 2311 475 2389 αἰγῶν
488 2305 568 2392 ἀμφὶ
586 2308 702 2385 γένεια·
726 2304 765 2372 τὸ
784 2305 843 2395 γὰρ
863 2307 1052 2390 ναναθύμιον
1073 2310 1143 2386 αἰξὶ,
1172 2362 1179 2374 .

368 2415 482 2478 'sieten
504 2407 672 2492 desinisset
692 2406 847 2493 ἐπέδμεναι
866 2407 947 2496 ἄκρα
975 2409 1101 2495 πέτηλα.
1171 2493 1179 2500 κ

292 2532 414 2615 Quodsi
436 2527 581 2591 Straboni
601 2526 677 2587 fides
698 2528 857 2604 habenda,
889 2525 1041 2616 Ἐρέμβων
1066 2530 1193 2592 nomine
1213 2528 1337 2611 antiqui

292 2632 406 2696 Graeci
435 2628 570 2697 Arabas,
607 2632 789 2707 praesertim
823 2632 1043 2713 Troglodytas,
1075 2630 1291 2711 appellarunt.
1307 2628 1337 2672 ¹⁶

291 2733 384 2796 Unde
412 2728 562 2799 efficitur,
603 2726 726 2787 Rufum
752 2730 943 2792 intellexisse
967 2726 1005 2795 τὸ
1031 2723 1192 2822 λάριμνον,Ι
1228 2725 1338 2795 ebodi-

292 2850 405 2896 στατον
424 2827 566 2908 θυμίαμα
584 2844 603 2883 e
623 2826 812 2888 sabaeorum
833 2830 1011 2911 regionefl,
1030 2832 1112 2914 quod
1134 2844 1165 2892 et
1190 2833 1337 2893 Herodo-

202 2989 210 2999 ,
292 2943 342 2994 tus
365 2929 516 2992 Arabibus
535 2917 670 2987 λάδανον
690 2925 752 2985 dici
772 2927 932 3008 perbibet,
966 2943 996 2995 et
1016 2949 1034 2994 s
1055 2932 1186 3014 depastis
1207 2932 1336 2995 frutici·

291 3029 528 3094 bussbircorum
551 3027 653 3087 barbis
673 3026 842 3089 adbaerere
862 3032 908 3114 ob·
922 3033 1059 3093 indolem
1073 3032 1267 3114 'glutinosam
1289 3045 1337 3095 te·

290 3139 398 3191 statur.
457 3126 505 3188 Eo
525 3136 629 3188 autem
657 3121 822 3208 praecipue
847 3132 894 3190 uti
917 3132 1031 3193 Arabas
1052 3134 1090 3193 ad
1110 3127 1334 3214 ι’ὶυμιοὶμονῐα.18

290 3231 409 3293 Vocem
430 3248 496 3288 esse
516 3228 668 3289 arabicam
690 3221 840 3307 λάδανον,
861 3251 970 3292 verum
986 3243 1039 3293 est
1080 3233 1235 3295 scribitur
1250 3237 1335 3298 euim

290 3345 374 3427 apud
394 3354 534 3406 auctores
562 3319 669 3430 obl-l,
692 3346 896 3407 derivandum
917 3369 935 3410 a
957 3323 1013 3426 kil,
1035 3347 1169 3429 suoo'is,
1192 3372 1337 3432 praeser-

181 3494 186 3510 .
289 3446 347 3508 tim
368 3444 473 3507 odore.
534 3447 623 3508 Sitne
649 3447 808 3508 diversum
841 3446 986 3509 ladanum
1007 3451 1145 3512 Arabum
1172 3472 1191 3511 a
1213 3474 1335 3533 graeco,

280 3542 402 3606 ¹rnerito
423 3544 600 3625 ambigitur.
642 3546 763 3625 Quodsi
792 3546 875 3607 enim
898 3548 1073 3610 Herodotus
1101 3551 1258 3614 mirabilia
1279 3556 1336 3616 ills

289 3643 329 3705 dc
349 3643 449 3723 capris
470 3644 565 3705 barba
591 3645 698 3726 gluten
725 3645 806 3706 illud
825 3646 1052 3728 detergentibus
1072 3662 1195 3728 namet,
1223 3653 1258 3716 iu
1278 3677 1336 3737 pa·

287 3742 350 3806 tria
383 3743 536 3805 Herodoti
562 3755 732 3829 spontanee
760 3767 833 3807 esse
869 3749 989 3810 arabica
1015 3752 1125 3844 planta
1156 3752 1335 3817 ladauifera

245 3839 252 3864 ¹
288 3863 354 3906 nou
374 3816 484 3924 potuit.
525 3845 646 3907 Plinius
666 3842 794 3907 etiam¹⁹
815 3848 995 3909 traditiones
1016 3870 1066 3910 eas
1086 3862 1247 3931 repetens,
1272 3854 1334 3916 boc

287 3964 353 4007 uon
373 3943 450 4006 alibi
466 3943 537 4007 fieri
557 3946 658 4023 addit,
680 3966 773 4028 quam
792 3946 828 4008 iu
844 3948 1025 4024 Nabataeis,
1045 3951 1101 4031 qui
1116 3951 1179 4015 sint
1195 3974 1236 4015 ex
1251 3953 1335 4016 Ara-

293 4086 502 4105 ——-—

324 4178 368 4239 ¹5)
386 4180 475 4231 (talem
491 4178 524 4226 de
540 4194 625 4242 comp.
643 4181 710 4233 ned.
729 4197 781 4231 sec.
795 4183 849 4231 loc.
870 4196 891 4234 ι.
908 4197 934 4244 p.
944 4159 1013 4252 ,aaa

322 4247 365 4302 ιθ)
382 4247 442 4298 Lib.
463 4261 485 4297 ι.
500 4262 528 4306 p.
550 4260 605 4296 rsa·
696 4254 739 4310 17)
760 4252 852 4298 Strabo
869 4251 917 4301 lib.
939 4255 978 4300 16.
997 4268 1022 4313 p.
1041 4259 1103 4314 437·

319 4318 362 4374 aa)
378 4314 504 4365 Essedon
523 4324 555 4373 s,
574 4325 632 4366 rae.
744 4323 787 4380 ια)
802 4319 864 4367 Lib.
886 4332 935 4377 η»
953 4329 996 4378 37.
