2817 5009
286 375 331 446 02
557 368 769 425 ιτυιινιου
790 370 1063 430 ΔιοτιιονιΔου
1166 425 1168 432 s

287 524 365 612 ὁμοῦ
384 521 439 612 μὲν
457 529 563 612 κρατεῖ
578 520 631 588 καί
646 516 754 588 κωλύει
774 523 923 610 φέρεσθαι
941 517 997 591 τὸν
1018 523 1065 592 dds
1085 519 1235 616 ἐσωτέραν,
1254 527 1332 615 ὁμοῦ

286 628 321 697 δὲ
339 625 376 695 τὸ
395 621 547 713 κρατηθὲν
567 621 666 724 sisoi
678 625 777 710 μέρος
793 627 847 708 τῆς
862 626 967 710 iestis
982 633 1147 714 θεραπείας
1162 629 1334 718 καταβολὴν

287 728 327 799 οὐ
346 729 402 814 την
421 730 572 812 τυχοῦσαν
592 720 755 810 ἐργάζεται,
775 721 1004 814 παραμενούσης
1023 732 1078 813 τῆς
1094 725 1251 807 'studeam
1264 734 1335 798 ἐπι-

284 831 388 902 πλέοι.
432 826 496 914 Tris
510 827 564 912 μὲν
584 823 642 911 γὰρ
663 825 815 893 dissessum
836 831 889 913 τῆς
912 825 1041 916 ἐσχάρας
1058 825 1191 913 μάλιστα
1208 833 1243 896 ἐκ
1259 827 1335 899 τοὺ-

284 960 342 1002 του
363 932 577 1021 φροντιστέον,
617 919 706 1005 ὅπως
734 925 775 1014 μὴ
811 928 916 1016 τάχιον
943 928 984 998 τὰ
1012 935 1088 1017 μέρη
1117 932 1337 1018 συμκίειοθείη.,

279 1033 382 1121 Ἀλλ’,
410 1037 436 1101 εί
455 1032 586 1100 δυνατόν
611 1031 691 1109 ἐστι,
734 1026 822 1125 πολὺ
840 1036 894 1112 τῆς
908 1032 1106 1119 ’προθεσμίας
1125 1031 1180 1111 τὰς
1198 1032 1335 1112 ἑλκώσεις

284 1138 441 1224 τηρητέον,
461 1134 513 1201 καὶ
532 1131 824 1217 ἐπιφλεμμαινούσσς
843 1137 894 1201 καί
909 1136 1214 1221 ἐπιρρυπαινομένας·
1236 1138 1336 1222 παρέ-

283 1242 324 1319 ξιι
344 1237 378 1306 δὲ
398 1235 506 1314 αὐτοῖς
524 1233 563 1301 τὸ
591 1237 736 1300 τοιοῦτον
756 1231 881 1321 τοὶριχος
909 1238 1131 1322 ἐπιτιθέμενος,
1150 1239 1202 1304 καί
1224 1236 1335 1322 σκόρο-

261 1333 339 1410 ’δον
360 1339 464 1426 ἄγριον
491 1335 807 1425 λελιιστριβημένονῧ,
837 1333 978 1423 κρόμμυά
1000 1364 1033 1405 τε
1054 1337 1210 1416 cicuitus·
1253 1338 1335 1415 ὀπὸς

282 1441 335 1530 μὲν
362 1435 420 1509 οὖν
446 1438 579 1525 μάλιστα
607 1435 625 1504 ὁ
654 1436 833 1523 κυρηιαίιιὸς
860 1436 881 1523 ἢ
912 1436 930 1505 ὁ
961 1437 1142 1526 καλούμενος
1171 1437 1334 1527 μηδικὸςῆ

178 1609 184 1614 .
282 1538 450 1631 παρθικὸς·
472 1537 576 1609 κόκκοι
595 1537 629 1606 δὲ
648 1543 755 1625 πυρῶν
774 1539 1021 1607 ἐπιτιθέσθονσαν
1042 1543 1095 1608 καὶ
1115 1544 1335 1628 μεμαοσημίνοι

281 1648 336 1714 καὶ
363 1639 548 1730 ἆμᾶσσητσι·
592 1637 808 1727 διασυρώμενσι
841 1638 896 1725 μὲν
922 1640 983 1727 γὰρ
1016 1638 1080 1709 ἀπὸ
1110 1649 1162 1730 τῆς
1186 1647 1336 1730 ἐμβροχῆς

280 1743 474 1834 ὀἰνευρύνουσι
492 1745 534 1812 τὰ
553 1740 725 1831 τραύματα.
770 1742 856 1822 Τινὲς
876 1744 910 1810 δι’
932 1744 1067 1821 οἴονται,
1087 1745 1160 1822 τοὺς
1178 1771 1335 1830 μεμασση-

280 1851 384 1935 μένους
404 1844 573 1923 ἀντιπαθές
600 1870 632 1912 τι
661 1847 735 1932 ἔχειν
761 1841 825 1912 ἀπὸ
853 1849 908 1931 τῆς
927 1849 990 1911 τῶν
1017 1845 1251 1933 μεμασσηκότιον
1274 1870 1335 1938 νη-

281 1955 399 2027 στείας·
418 1947 456 2015 οὔ
483 1947 542 2035 μὴν
568 1950 664 2014 τοῦτο
685 1943 811 2036 βέβαιόν
838 1950 916 2014 ἐστι·
952 1944 1034 2014 ἀλλὰ
1053 1946 1199 2035 εὐκαίρως
1223 1945 1336 2025 αὐτοῖς
1383 1926 1387 1950 ¹

280 2054 434 2142 χρηστέον.
474 2053 516 2116 Et
536 2046 586 2131 δὲ,
622 2042 837 2135 ὅπερρμίνεται
855 2045 1020 2127 πολλάκις,
1045 2051 1098 2117 καὶ
1118 2048 1209 2117 οὐλαὶ
1227 2075 1336 2137 συνερ-

280 2149 400 2244 χόμεναι
428 2146 585 2237 φθάνουσι
613 2146 675 2239 πρὸ
703 2153 769 2218 τῶν
795 2149 928 2239 ἡμερῶν,
969 2147 1021 2220 διὰ
1046 2148 1145 2241 χειρὸς.
1161 2149 1336 2231 ἀναξαίνειν

314 2363 344 2417 a)
360 2360 468 2409 eomer.
484 2367 512 2405 ct
527 2358 615 2418 chp.
633 2354 856 2424 ίαιοτριβὸμινον.
926 2369 929 2376 ·
958 2379 961 2384 >
1157 2324 1165 2368 ¹

280 2503 383 2604 cacis,
421 2523 510 2588 virus
544 2524 648 2607 ipsum
679 2524 796 2586 evincit
824 2521 1024 2606 penitiusque
1055 2524 1135 2588 ferri
1164 2524 1334 2608 prohibet;

278 2628 324 2690 ita
343 2637 375 2689 et
393 2647 465 2708 pers
481 2624 587 2705 ignem
610 2635 739 2706 experte
767 2624 895 2685 futurae
916 2626 1061 2706 deinceps
1086 2627 1240 2687 curationi
1261 2650 1335 2692 non

278 2728 437 2792 mediocre
457 2724 547 2807 punit
566 2724 824 2799 fundamentum,
859 2725 933 2785 dum
955 2726 1072 2785 diutius
1092 2727 1229 2788 ulcerata
1250 2749 1335 2809 per-

277 2839 393 2893 manet.
435 2828 540 2904 Quam
561 2826 600 2885 ob
623 2844 760 2885 caussam
783 2826 877 2886 etiarn
897 2825 1012 2885 exinde
1026 2834 1169 2888 accurate
1182 2828 1336 2890 animad-

277 2927 464 2994 vertendum
486 2935 551 3001 est,
571 2933 608 2985 ut
627 2946 683 2998 ue,
705 2945 776 2985 cum
797 2925 949 2987 exciderit
969 2936 1087 3001 crusta,
1107 2928 1221 2988 ulceris
1250 2950 1334 2991 orae

278 3028 411 3089 celerius
437 3024 617 3085 coalescant.
659 3024 764 3103 Quin,
785 3024 812 3084 si
834 3023 905 3085 fieri
924 3037 1042 3106 potest,
1068 3047 1210 3108 magnam
1231 3050 1337 3109 prae-

277 3127 361 3191 finiti
380 3117 537 3207 'temporis
569 3135 688 3206 pestem
716 3124 939 3200 ulcerationes,
979 3128 1053 3186 licet
1078 3127 1335 3191 inflammatione

269 3229 412 3310 ⁸obsessas
432 3235 463 3287 et
490 3225 633 3287 cordibus
655 3225 848 3304 inquinatas,
889 3226 1051 3306 prorogari
1081 3227 1235 3286 convenit.
1286 3231 1338 3291 Id

278 3326 440 3389 commode
462 3325 628 3407 praestabit
646 3325 782 3385 inditum
805 3324 844 3385 iis
865 3317 1099 3402 salsamentum,
1119 3326 1256 3407 itemque
1276 3331 1338 3390 al-

277 3429 355 3489 lium
376 3421 527 3506 sylvestre
546 3426 586 3485 ad
605 3426 764 3486 laevorem
787 3426 912 3486 tritum:
939 3426 1084 3486 similiter
1104 3437 1135 3488 et
1156 3448 1265 3508 cepae,
1287 3452 1338 3493 ac

276 3515 422 3610 inprimis
450 3527 557 3606 liquor
586 3526 786 3605 cyrenaicus,
827 3537 880 3587 aut
909 3548 1002 3606 quem
1028 3527 1184 3587 medicum
1202 3530 1340 3609 parthi-

272 3615 389 3689 'cumve
410 3627 577 3707 appellent.
618 3624 732 3686 Tritici
751 3645 875 3704 quoque
894 3649 989 3707 grene
1010 3639 1072 3687 tam
1094 3648 1208 3703 mensa,
1228 3650 1337 3709 quam

276 3729 408 3790 minime
426 3747 532 3790 mensa
551 3726 768 3807 imponantur:
789 3726 866 3785 haec
887 3728 982 3801 enim,
1004 3728 1078 3788 dum
1095 3727 1229 3789 humore
1245 3751 1343 3794 com·-

276 3837 366 3908 cepto
387 3837 585 3906 turgescunt,
618 3826 752 3885 vulnera
774 3825 913 3886 dilatant.
974 3828 1084 3907 Neque
1106 3830 1237 3900 desunt,
1267 3835 1338 3913 qui

277 3928 530 3987 commanducata
550 3925 703 3987 eiusmodi
733 3946 831 4012 grane
856 3926 1046 3989 arbitrentur
1068 3950 1086 3988 a
1106 3931 1339 4014 mandentium

275 4027 397 4088 ieiunio
416 4027 482 4087 vim
503 4026 638 4106 aliquem
659 4047 782 4089 veneno
803 4026 1008 4088 adversarium
1031 4029 1186 4105 asciscere,
1208 4051 1338 4097 verum

275 4126 450 4194 incertum
479 4148 544 4187 non
574 4137 628 4188 est.
681 4128 744 4188 Sed
773 4129 953 4208 tempestive
982 4151 1017 4189 ee
1044 4131 1219 4191 adhibenda
1238 4149 1336 4199 sunt.

181 4269 186 4280 .
275 4228 318 4288 At
338 4227 382 4300 si,
406 4226 491 4307 quod
509 4228 631 4309 saepius
651 4229 779 4304 accidit,
801 4228 956 4289 cicatrices
975 4241 1047 4291 ante
1068 4231 1134 4290 dies
1153 4235 1339 4312 praestitu-

275 4334 323 4388 tos
346 4323 433 4388 coire
454 4326 620 4403 desierint,
639 4340 763 4410 promte
778 4350 829 4392 ees
848 4328 1000 4393 refricare
1019 4331 1155 4413 expedit,
1175 4354 1231 4396 seu
1249 4354 1338 4397 car-
