2817 5009
269 412 322 474 IN
354 414 733 478 DlOSCORIDEM„
775 415 831 479 1v.
857 413 1001 481 13-15.
1092 420 1160 491 57⁹

106 597 225 681 optime
244 596 487 678 distinguuntur.
544 600 586 663 At
606 620 677 661 cum
710 598 873 662 Tribulum
894 613 1068 664 terrestrem
1088 579 1154 666 ite-

103 720 176 760 rum
198 698 345 779 bipartito
369 695 548 774 distribuat,
569 699 792 781 inquirendum
815 709 877 776 est,
907 701 971 763 utri
992 693 1155 767 Dioscori-

104 797 153 859 dis
175 797 278 879 planta
300 797 476 858 conseruat.
534 799 682 860 ⁴Alterum
702 797 937 881 Theophrastus
964 803 1059 863 tradit
1088 826 1155 867 esse

102 889 419 981 περικαρπιᾶκανθον,
452 898 531 959 folia
550 918 659 979 gerere
681 899 776 958 ciceri
798 899 927 974 similis,
965 902 1082 963 semine
1102 926 1154 965 se·

103 1000 283 1073 samoidea,
326 1001 506 1080 praecocius
539 998 671 1073 llorere,
711 999 779 1059 loca
799 998 948 1060 inundata
975 1022 1012 1061 ac
1040 993 1152 1066 novati

101 1093 258 1161 amare.m
299 1100 388 1176 Quae
417 1098 523 1160 omnia
549 1098 582 1158 iu
605 1098 771 1159 Tribulum
795 1100 954 1180 vulgarem
975 1110 1151 1167 terrestrem

100 1201 263 1282 quadrant.
305 1201 398 1260 Hunc
421 1220 486 1259 esse
508 1208 539 1259 et
558 1199 753 1260 Dioscuridis
773 1195 925 1284 epistolar,
947 1219 1011 1262 non
1031 1203 1149 1276 dubito,

99 1300 175 1361 licet
195 1301 382 1381 comparatio
404 1299 554 1360 foliorum
583 1319 654 1358 cum
680 1300 858 1380 portulacae
889 1301 975 1363 loliis
1004 1302 1087 1365 haud
1108 1307 1149 1368 sit
1256 1357 1259 1364 ,

99 1399 221 1460 idonea.
282 1399 372 1460 Alter
401 1419 476 1460 vcro
505 1398 714 1479 Theophrasti
747 1400 879 1460 tribulus
900 1403 1051 1464 terrestris
1073 1387 1152 1496 ¹⁰¹⁵i

99 1499 165 1580 ipsa
186 1498 278 1561 hahet
298 1499 511 1580 spiaesceutia,
541 1498 640 1558 serius
657 1487 753 1558 floret
773 1500 1026 1576 circaxdomuum
1049 1524 1146 1581 areas,

100 1609 131 1660 et
142 1598 263 1659 semina
275 1601 419 1675 rotunda,
439 1597 624 1681 nigricantis
639 1597 720 1677 gerit
731 1598 764 1660 iu
786 1598 939 1659 folliculis
960 1621 1015 1660 ssu
1037 1623 1149 1684 capsu-

97 1697 147 1759 lis.
188 1699 252 1759 Hic
273 1719 338 1759 esse
359 1699 485 1760 videtur
505 1700 652 1777 Pagonia
672 1699 805 1772 cretica,
847 1699 885 1760 ab
905 1699 988 1761 Hou.
1007 1700 1096 1763 Bello
1118 1713 1151 1769 et

99 1798 134 1860 C.
155 1794 342 1860 Bauhiuo⁹³
362 1796 494 1859 Trifolii
516 1797 634 1879 spinosi
654 1796 913 1858 creticiuomiua
932 1798 1092 1864 illustrata.

181 1933 256 2010 Quo
276 1934 432 2014 pertineat
457 1927 600 2017 τρίρολος
628 1920 887 2018 παραθαλάσσρος
911 1931 1143 2015 Hippocratioo·

97 2026 227 2102 rum⁹⁴,
248 2053 312 2094 nou
333 2033 443 2113 liquet.
497 2033 739 2115 Dalechampius
767 2031 1020 2111 Echiuoplsoram
1041 2040 1149 2116 spisso-

98 2153 165 2191 sam
190 2152 230 2192 eo
259 2133 387 2194 nomine
413 2128 657 2209 adumbrauit⁹⁶,
695 2132 781 2215 quod
808 2152 868 2194 uec
888 2133 1065 2214 improbare
1086 2127 1146 2200 uec

97 2252 172 2294 vero
192 2233 395 2314 comprobare
417 2252 554 2314 possum.
1105 2219 1110 2228 ⁵

176 2368 230 2426 De
258 2367 375 2428 tribulo
403 2368 564 2446 aquatico,
598 2364 654 2445 qui
683 2368 933 2452 liupunatmu
956 2376 1019 2442 ast,
1057 2370 1147 2432 ualle

90 2466 215 2541 ,mutis
234 2457 456 2528 controversia.
520 2466 657 2528 Uberior
677 2475 723 2525 est
748 2465 832 2546 apud
855 2465 1145 2547 Theophrastum⁹⁰

98 2566 275 2647 descriptio.
323 2562 525 2646 Bouss‘uuloc
555 2577 587 2628 et
604 2558 792 2648 ταυρόκερως
811 2565 891 2626 hene
918 2566 1077 2627 dicebatur
1104 2570 1145 2631 oh

97 2667 231 2729 formam
252 2667 390 2742 fructus,
410 2669 465 2749 qui
480 2688 593 2729 nucem
614 2666 722 2728 duram
744 2676 907 2727 cornutam
929 2666 1026 2739 sistit,
1044 2669 1143 2748 spinis

97 2777 230 2848 quatuos·
251 2768 449 2829 validissimis
481 2768 613 2829 amastis
633 2777 803 2836 armatam,
840 2766 897 2827 sub
930 2785 1008 2846 sque
1034 2769 1145 2829 undu
1194 2817 1199 2828 ,

96 2876 165 2929 nm.
205 2867 323 2928 Pstioli
343 2869 429 2948 longi
450 2878 543 2943 sunt,
562 2888 698 2948 superne
722 2867 892 2928 incrassati.
934 2867 1144 2948 Capillamera·

95 2976 126 3028 ts
143 2967 363 3047 spicaeformia
389 2978 462 3029 suut
490 2968 650 3030 radiculae
674 2968 859 3028 innumeras
888 2986 930 3027 ex
949 2967 1036 3026 omui
1058 2968 1144 3028 iufe-

97 3067 179 3127 riors
210 3066 316 3147 planta
349 3070 625 3149 progerminautes.
687 3068 824 3128 Thraces
859 3066 997 3127 fructum
1031 3068 1142 3128 alendo
1195 3147 1200 3156 ι

34 3157 37 3185 ¹
96 3166 243 3228 idoneum
271 3168 359 3247 panis
386 3169 455 3227 loco
474 3169 671 3242 adhibuisse,
698 3167 780 3228 haud
802 3166 870 3224 siue
889 3164 952 3225 fide
973 3174 1034 3239 est,
1070 3185 1141 3228 cum

98 3277 128 3327 et
153 3254 236 3348 apsid
261 3273 320 3326 uos
349 3278 558 3329 castanearum
587 3287 675 3328 more
704 3266 892 3327 comedatur.
955 3265 1029 3339 „Oh
1056 3266 1090 3326 id
1110 3276 1142 3330 et

97 3365 198 3426 Gallis
217 3366 341 3427 Pedana
361 3378 514 3429 castaneas
534 3367 738 3428 ferrarienses
759 3357 925 3428 vocat.“⁰²
1154 3365 1160 3377 '

116 3483 120 3500 ¹
175 3499 355 3581 Capitulum
384 3499 423 3561 ds
454 3500 635 3583 Saxisrago,
678 3516 852 3581 quanquam
880 3494 940 3577 ipsi
961 3494 1140 3557 Dioscoridi
1263 3553 1270 3570 ‚

96 3620 158 3661 nors
172 3599 410 3661 adscribendum
427 3601 525 3682 aliqui
544 3609 664 3683 putent,
686 3610 788 3661 tantus
809 3610 913 3657 tamen
936 3605 981 3656 est
1001 3607 1139 3657 vetusta·

95 3700 150 3776 tis,
188 3711 221 3763 ut
250 3701 282 3761 in
311 3702 430 3783 optimo
460 3724 583 3782 quoque
604 3702 710 3761 codice
738 3700 874 3780 legatur,
912 3697 964 3755 sed
987 3717 1138 3777 nusquam

94 3798 162 3860 fere
181 3800 349 3863 incolume.
391 3801 445 3862 Sic
464 3802 588 3864 iucod.
609 3802 644 3863 0.
664 3800 748 3861 deest
767 3796 956 3879 comparatio
978 3816 1047 3857 cum
1069 3796 1139 3878 epi·
1192 3872 1197 3882 Ι

126 4035 171 4095 2⁸)
187 4035 255 4082 urse
276 4015 312 4093 pi.
331 4037 363 4090 o,
385 4052 406 4086 ι.
426 4042 451 4090 s.
552 4036 597 4098 9³)
617 4036 705 4086 eroes.
723 4049 750 4095 p.
770 4040 827 4091 ssa.

128 4102 172 4162 94)
192 4104 229 4149 De
245 4114 299 4150 nat.
318 4105 439 4154 muliebr.
456 4120 483 4164 p·
502 4116 562 4161 35⁸.
596 4109 636 4152 De
655 4107 740 4151 moth.
757 4104 823 4152 mul,
844 4114 867 4153 ι.
885 4104 982 4161 ΜΩ.
1058 4167 1061 4172 μ
1154 4103 1161 4120 ·

126 4176 218 4231 991..
235 4188 260 4224 c.
274 4191 302 4236 p.
319 4180 394 4235 ¹357·
495 4177 541 4243 96)
557 4179 625 4223 Etsi.
643 4181 679 4237 pt.
700 4189 726 4233 4,
745 4190 772 4235 9.

126 4257 170 4319 97)
188 4262 303 4309 Hermoh
329 4263 434 4312 Bethar.
453 4265 548 4311 curuli.
574 4262 607 4309 ad
622 4261 714 4312 niosc.
732 4263 792 4318 du.
840 4255 986 4320 castogae
1008 4254 1135 4320 d'acqua

95 4325 283 4375 Veronensibus
300 4329 385 4379 audit.

823 4408 925 4473 002
