2817 5009
282 377 339 438 m
360 369 745 454 nroscournnu
765 374 841 440 ·1v.
862 372 1025 460 ro-rt.
1105 341 1196 447 ooe'
1244 393 1248 402 ⁴

130 529 283 589 &lurum
306 526 495 603 sodomum,
538 525 622 609 quod
649 534 681 588 et
705 526 742 587 in
769 527 878 589 Sicilia
892 538 934 591 ‘et
961 528 996 590 in
1017 528 1179 593 Lusitania

128 640 240 713 sponte
259 627 418 712 provenit.
477 627 581 689 Huius
602 625 685 689 enim
708 626 786 690 lolia
807 627 965 710 profunde
983 628 1129 692 laciniata
1148 637 1181 689 ct

129 729 269 814 aculeata
296 726 337 787 ad
366 747 496 802 erucae,
540 727 637 808 magis
658 725 819 790 etiamad
849 726 974 788 acanthi
994 728 1072 789 folia
1089 749 1181 790 acce-

131 829 227 889 dunt:
246 823 343 888 caulis
363 836 409 887 est
429 826 598 888 fruticoeus
619 836 650 888 et
669 826 752 908 apud
767 848 824 886 nos
835 826 975 889 cubitum
995 829 1091 890 altus:
1118 827 1180 888 tlo-

130 948 181 991 res
209 926 324 1009 pallide
352 927 613 996 caerulesccntes,
653 926 764 988 baccae
793 936 866 988 suut
886 926 1001 1010 nigrae.
1063 929 1181 989 Earum

130 1027 261 1110 pulpam
274 1015 476 1087 ¹Hermannus
490 1027 677 1088 virulentam
691 1025 886 1102 observavit,
907 1025 1106 1090 inducentem
1123 1050 1181 1093 ac-

131 1126 297 1212 ρηβαρίαν,
316 1135 493 1208 torporem,
519 1127 661 1188 furorem
690 1126 850 1208 ipsamque
870 1126 1018 1188 necem.1¹

140 1315 145 1329 „
216 1245 367 1304 Solensem
385 1244 575 1304 eseukntum
585 1244 702 1305 Dunal.
724 1241 769 1325 (S.
793 1242 938 1304 insanum
952 1219 1183 1325 etMelongend

134 1343 202 1424 L.)‚
222 1345 305 1426 quod
325 1344 418 1404 etiam
438 1343 501 1405 huc
521 1353 691 1418 traxerunt,
713 1343 849 1403 alienum
871 1354 917 1404 est
936 1343 1044 1405 fructu
1059 1365 1182 1427 magno,
1243 1422 1248 1428 Ι

133 1446 267 1527 oblongo
277 1487 287 1521 ,
309 1443 486 1517 esculento,
518 1442 705 1524 plerumque
731 1443 891 1515 violaceo,
910 1463 1013 1525 neque
1033 1447 1183 1511 nautum

125 1544 211 1628 ,quid
230 1544 266 1604 in
285 1542 355 1603 aliia
374 1543 499 1624 plantae
520 1541 877 1623 partibus-observatum
899 1551 953 1603 est.

216 1649 458 1721 Fabsscolutnna
478 1658 512 1717 in
540 1656 602 1718 hoc
625 1658 727 1740 capite
756 1657 832 1720 duas
861 1657 1024 1740 distinguit
1052 1637 1182 1741 plantas,

135 1769 224 1824 textu
236 1769 353 1821 temere
364 1766 493 1819 mutato.
534 1759 685 1829 Alteram,
702 1757 780 1819 flore
794 1759 884 1840 nigro
906 1767 938 1819 et
957 1757 1064 1819 fructu
1082 1761 1183 1839 molli,

135 1865 288 1941 Atropam
311 1876 376 1917 esse
396 1856 639 1934 Belladonuanr,
659 1859 807 1934 alteram,
835 1858 875 1917 ad
896 1867 988 1939 quant
1010 1857 1102 1942 caput
1122 1864 1184 1924 oli-

136 1980 196 2022 vae
215 1957 328 2030 forma,
347 1955 402 2016 sed
422 1955 593 2032 hirsutius,
615 1967 651 2018 ut
670 1957 787 2038 platani
801 1957 935 2037 globuli,
955 1958 1094 2036 reducit,
1119 1983 1183 2024 osea
1214 2015 1219 2022 t

136 2060 290 2124 Daturum
311 2055 524 2117 Stramonium
546 2055 698 2137 perhibet.
708 2054 737 2096 ¹²
755 2043 896 2117 'Nescius
910 2056 994 2118 forte
1009 2057 1080 2133 fuit,
1103 2059 1184 2121 hanc

138 2159 275 2271 plantam
297 2153 400 2215 medio
420 2157 544 2218 tandem
566 2175 643 2216 aevo
671 2175 712 2214 ex
732 2154 933 2216 interioribus
952 2139 1044 2216 Asiae
1064 2160 1186 2222 mediae

137 2277 173 2318 m
192 2255 393 2319 Occidentem
415 2256 570 2336 migrasse.
632 2255 772 2314 Bodaeur
799 2255 892 2315 talem
912 2255 1090 2330 audentiam
1111 2260 1185 2320 imi·

138 2368 277 2423 taturus,
300 2374 319 2415 c
338 2353 443 2414 Plinio
467 2356 555 2417 varia
575 2355 668 2417 etiam
688 2353 791 2429 addit,
809 2364 843 2414 ut
865 2364 984 2415 textum
1006 2357 1186 2420 restituat.¹³
1216 2391 1219 2400 v

225 2479 330 2576 Θρύον
351 2499 496 2567 tanquam
522 2487 641 2566 magica
661 2487 852 2550 Colchorum
875 2487 999 2568 planta,
1036 2492 1097 2551 ianr
1120 2494 1186 2555 Or-

139 2589 240 2673 phicis
261 2599 371 2650 notum
392 2585 501 2650 fuit1⁴
563 2587 698 2671 Hc'pcsos
728 2608 801 2649 cum
828 2585 942 2673 πιρσέᾳ
962 2602 1186 2655 commutatum

139 2691 253 2764 fuisse,
275 2686 339 2750 iam
358 2708 452 2770 supra
472 2691 590 2751 monui.
598 2689 626 2731 ¹⁶
669 2689 770 2768 Quale
793 2698 896 2748 autem
917 2687 1016 2751 fuerit
1036 2686 1187 2779 λυκοπὲρ.
1265 2693 1268 2700 ’

30 2852 35 2856 .
140 2811 207 2855 utos
227 2785 357 2859 Galerii,
394 2790 475 2866 quod
505 2767 602 2871 aliqui
623 2790 662 2851 a'd
683 2790 831 2849 Solauunr
854 2788 1047 2850 esculentum
1067 2797 1187 2856 retule-
1292 2774 1300 2802 Ι

140 2901 236 2964 runt,
266 2886 450 2966 Anguillara
475 2891 567 2951 etiam
588 2892 628 2952 ad
648 2892 875 2969 Lycopersicon
901 2888 1092 2952 esculentum
1118 2895 1188 2955 Du-

141 2992 221 3066 nai,
250 2988 456 3049 americauum
477 2992 612 3071 plantam
620 2987 660 3066 ¹⁰,
688 3010 754 3049 nou
775 2989 884 3069 liquet.
945 2988 1095 3050 Centurio
1117 2995 1188 3072 qui-

143 3092 215 3156 dam
244 3088 373 3152 herbam
403 3108 471 3150 eam
500 3103 540 3152 ex
565 3089 725 3153 barbarica
752 3088 835 3148 circa
856 3091 1032 3169 Aegyptum
1060 3094 1189 3173 regione

143 3199 366 3271 comportatum
385 3187 506 3249 Galeno
526 3187 745 3252 ostenderat.¹⁷
787 3191 866 3249 Tam
886 3188 976 3276 gravi
998 3198 1029 3248 et
1048 3191 1190 3253 inamoe-

143 3311 187 3353 no
214 3299 281 3353 erat
300 3287 415 3362 odore,
457 3299 493 3350 ut
516 3308 557 3348 ne
583 3298 705 3370 gustare
733 3287 859 3370 quidem
886 3285 1024 3345 Galenus
1052 3290 1189 3366 auderet,

143 3391 198 3454 red
218 3389 341 3453 letalem
362 3407 428 3449 esse
448 3387 625 3450 coniiceret.
687 3387 827 3449 Cicutam
855 3386 952 3446 odore
979 3385 1105 3464 quidem
1136 3413 1189 3450 ae-

143 3490 337 3563 mulabatur,
380 3486 435 3547 scd
464 3488 608 3570 adiuncta
635 3489 765 3569 quadam
803 3480 914 3566 εὐωδίᾳ
947 3480 1190 3586 ἆρωματιζοῦσῃ.

145 3590 237 3653 Nihil
255 3587 358 3663 addit,
379 3585 441 3646 nisi
460 3588 566 3649 colore
586 3587 725 3652 subflavo
746 3587 842 3650 fuisse
866 3587 1003 3658 herbam,

230 3721 379 3783 Solarium
401 3719 591 3780 esculentum
621 3719 768 3782 huonon
790 3721 967 3802 pertinere,
1003 3722 1094 3784 etiam
1115 3725 1189 3789 iude

146 3833 251 3910 patet,
285 3820 370 3903 quod
397 3819 513 3881 Arabes
533 3819 614 3881 illud
630 3821 758 3883 seorsim
778 3811 901 3905 semper
920 3822 1049 3885 nornine
1069 3825 1189 3910 persico
1209 3835 1220 3858 ⁸

149 3978 357 3996 ...—

186 4071 232 4136 rr)
250 4074 326 4118 nort.
344 4072 516 4130 tcgduuobat.
537 4090 562 4133 p.
576 4081 634 4133 574.
749 4074 790 4142 rr)
809 4075 950 4136 Phytobar.
970 4090 994 4134 p.
1013 4083 1054 4134 57.
1078 4088 1097 4124 t.
1116 4091 1155 4130 ra,

187 4145 231 4200 ιε)
251 4143 347 4185 comm.
365 4139 395 4184 iu
412 4142 539 4202 Theophr.
559 4159 583 4201 p.
605 4141 663 4198 586.
777 4151 780 4162 ¹

186 4215 227 4265 η)
246 4207 327 4266 Orph.
345 4208 443 4265 Argon.
461 4222 489 4272 s,
507 4211 565 4271 916.
673 4211 713 4266 ¹5)
732 4208 792 4255 Lib.
814 4224 835 4256 ι.
854 4223 877 4257 c.
899 4220 954 4266 137.

190 4277 230 4333 ιδ)
250 4277 281 4328 L.
299 4288 323 4322 c·
340 4285 367 4334 p.
385 4287 444 4334 οη.
547 4285 588 4338 17)
604 4279 644 4330 De
661 4274 711 4334 iao,
730 4278 815 4336 simpl.
834 4286 859 4336 4,
876 4294 902 4338 p.
921 4281 979 4338 oar.
1014 4335 1019 4360 ὁ
