2817 5009
266 418 333 489 334
533 415 751 507 ’ποσιτιον
771 373 1044 474 Διοῑτοιυιιον

180 642 184 655 ,
242 561 441 653 'suestanus
465 541 613 645 obdidere,
649 567 703 633 καί
724 569 756 632 σί
775 570 915 654 πυρῆνες·
953 565 1040 635 οὐδὲν
1068 566 1101 637 di
1120 571 1182 637 coir
1203 568 1327 657 ἰχθύων

268 670 456 756 ὑπομένουσι
484 670 731 756 προσφέρεσθαι,
753 672 777 733 tl
798 667 839 755 μη
867 675 1025 753 καρκίνους
1044 678 1229 756 ποταμίους,
1266 673 1325 737 καί

167 781 170 799 ’
271 770 398 848 τούτους
417 765 527 855 μόνους
547 772 708 836 πέσσουσι·
729 767 883 859 τεκμήριον
904 766 937 838 δὲ
957 779 1014 839 τοῦ
1035 770 1187 841 δύνασθαι
1209 778 1324 858 σωθῆ-

268 886 319 941 ’ναι
341 873 471 952 αὐτοὺς,
506 868 560 936 ἐὰν
589 871 677 956 ἰχθῦς
704 858 799 958 ἡδίους
827 876 1092 957 προςινίχκωνται·
1138 873 1260 961 ἁρμόζει
1284 873 1323 939 δὲ

268 980 321 1043 καί
350 975 508 1063 ἐλλέβορος
535 969 654 1065 λευκός·
696 971 735 1039 oei
765 973 824 1058 γάρ
847 973 1027 1062 εὐλαβητέον
1056 976 1110 1042 ἐπ’
1135 975 1221 1061 αὐτῷ
1242 974 1322 1051 τούς

181 1114 185 1129 ι
268 1081 407 1162 ἐμέτους·
449 1079 559 1163 βοηθεῖ
588 1072 621 1141 δὲ
649 1078 681 1162 ἐν
709 1071 786 1168 άρχῇ
808 1078 860 1143 καί
888 1068 980 1163 οὖρον
1000 1072 1195 1162 ἀνθρώπινον
1214 1076 1321 1142 ποθὲν

268 1179 322 1246 καί
341 1179 496 1263 ἐξεραθίν·
517 1178 568 1241 καί
588 1172 676 1261 χηνὸς
697 1176 770 1258 αἷμα
790 1184 973 1266 παραχρῆμα
992 1177 1160 1263 πινόμενον.
1197 1175 1243 1245 ‘0
1258 1179 1320 1244 λα-

267 1281 352 1360 γωόν
373 1274 534 1362 θαλάσσης
556 1275 704 1369 πεπωκὼς
726 1280 787 1359 ἐμιῖ
804 1279 923 1359 πυκνά,
962 1277 1177 1366 καλχριόματα
1197 1304 1341 1369 παντο-1

268 1378 368 1467 δαπά·
411 1381 503 1445 οἱονεί
529 1377 589 1465 γάρ
620 1374 739 1463 σαπρόν
768 1405 797 1445 τι
825 1379 952 1462 φαγὼν,
974 1381 1011 1449 οὗ
1041 1389 1170 1470 κατέχει·
1213 1376 1318 1468 τοότιρ

266 1477 356 1569 χηνὸς
376 1481 428 1545 καί
449 1478 572 1566 ὄρνιθος
595 1481 687 1567 στέαρ
708 1476 772 1566 ἅμα
794 1480 848 1561 δός
866 1474 952 1550 πιιίνι

267 1664 272 1669 ·
353 1636 447 1713 Κεφ.
466 1625 537 1715 ρνζλ
570 1626 666 1717 ’Πρὸς
694 1630 727 1699 δὲ
754 1638 866 1719 φρῦνον
889 1637 940 1701 καί
961 1620 1017 1702 τόν
1036 1631 1142 1718 κωφόν
1160 1632 1318 1729 βάτραχον

267 1738 378 1823 βοηθεῖ
405 1730 533 1817 χελώνης
560 1733 733 1809 θαλασσίας
762 1735 781 1819 ἢ
811 1743 949 1822 χερσαίας
971 1736 1044 1820 αίμοι
1066 1735 1157 1822 itala
1177 1743 1244 1816 μετ’
1267 1735 1318 1800 σί-

266 1859 338 1903 του·
379 1836 570 1917 δαμαοωιίου
590 1838 670 1919 ῥίζης
689 1833 868 1921 προςσάτσυ
891 1834 947 1905 σόν
967 1837 1026 1916 όξιι
1046 1850 1087 1913 <
1109 1836 1147 1917 α’,
1169 1839 1261 1922 ξηρᾶς
1282 1834 1316 1901 δὲ

268 1948 311 2012 <
331 1933 370 2014 β’·
390 1941 515 2001 ποιοῦσι
536 1936 587 2000 καί
616 1934 747 2020 ἄκρατος
774 1936 871 2026 πολὺς
898 1934 1054 2022 πινόμενος
1081 1941 1133 2004 καὶ
1159 1932 1316 2019 {Erucius-³

268 2061 334 2114 νος·
356 2034 500 2120 καλάμων
521 2039 589 2125 ῥίζα
610 2036 665 2103 σὺν
687 2039 778 2123 οἴνῳ·
815 2040 942 2125 κύπιρος
964 2039 1020 2105 σὺν
1043 2042 1132 2126 σίτῳ·
1170 2041 1258 2105 dimas
1279 2036 1315 2102 dd

267 2140 321 2206 καί
340 2132 531 2223 περιπάτοις,
566 2135 587 2222 ἢ
606 2138 728 2223 δρόμοις
746 2135 891 2226 χρώμενος
896 2189 908 2217 ,
946 2136 998 2208 καί
1019 2141 1090 2208 loric
1113 2145 1144 2208 ἕν
1163 2165 1315 2227 πυριατη*

271 2394 397 2455 monice
417 2393 582 2468 drachma,
604 2394 686 2453 mala
704 2395 819 2476 punica
840 2395 950 2483 vinosa
969 2407 1122 2472 comesta,
1141 2409 1313 2476 corumque

266 2491 381 2556 nuclei.
444 2493 510 2572 Qui
530 2490 592 2553 hoc
622 2514 778 2556 venenum
805 2496 956 2570 biberint,
991 2488 1123 2578 piscium
1145 2497 1228 2558 nihil
1255 2498 1312 2558 ad-

267 2597 411 2668 mittunt,
432 2606 556 2675 praeter
575 2593 743 2655 fluviatiles
766 2615 907 2670 cancros,
927 2616 1004 2677 quos
1020 2598 1112 2657 etiam
1133 2598 1214 2657 solos
1232 2616 1311 2658 con*

211 2724 213 2729 ¹
267 2708 415 2777 coquunt.
457 2694 584 2772 Signum
606 2715 701 2775 porro
722 2696 829 2756 salutis
850 2695 964 2770 fucrit,
1001 2697 1028 2757 si
1049 2698 1146 2778 pisces
1166 2696 1311 2758 alacriter

267 2794 303 2856 in
324 2797 408 2855 cibos
427 2794 617 2854 admiserint.
660 2794 815 2857 Convenit
836 2797 880 2855 eis
896 2797 988 2856 etiam
1008 2795 1185 2858 helleborus
1204 2794 1310 2855 albus:

267 2917 369 2975 neque
391 2904 462 2953 sunt
481 2894 739 2974 pertimescendi,
775 2895 919 2975 quicum
948 2909 1136 2976 sequuntur,
1162 2898 1308 2957 vomitusa

267 2994 358 3056 Iuvat
380 3004 409 3052 et
431 2993 469 3051 sb
490 2993 582 3053 initio
603 2998 694 3054 urina
713 2995 849 3055 bominis
877 3007 950 3076 pota
978 3006 1009 3055 et
1037 2999 1157 3057 vomitu
1177 2997 1307 3071 reddita,

268 3094 405 3172 itemque
424 3096 547 3173 sanguis
568 3094 684 3155 anseris
710 3095 875 3156 confestim
897 3105 1013 3175 epotus.
1061 3097 1172 3157 Hansti
1193 3096 1309 3176 leporis

267 3194 382 3254 marini
413 3195 534 3274 signum
564 3207 608 3255 est
634 3196 782 3275 frequens
811 3196 944 3256 vomitus
972 3206 1002 3256 et
1030 3197 1189 3256 variorum
1217 3197 1309 3255 colo-

268 3316 357 3356 rum:
388 3315 459 3353 nam
480 3297 671 3357 ventriculus
693 3284 756 3355 ceu¹
770 3295 885 3375 ingesto
907 3297 1050 3377 quopiam
1071 3296 1156 3375 putri
1179 3296 1308 3355 minime

268 3392 413 3455 continet.
455 3395 507 3455 sic
534 3396 645 3456 affecto
664 3397 780 3456 anseris
801 3407 832 3457 et
851 3398 984 3477 gallinae
1002 3397 1126 3477 adipem
1139 3396 1232 3456 simul
1251 3395 1307 3456 da*

267 3504 300 3556 to
320 3496 355 3555 iu
376 3507 461 3576 potu.
1275 3496 1283 3505 ’

354 3646 444 3726 Cap.
466 3646 592 3707 CLVII.
641 3648 799 3709 Adversus
819 3649 946 3708 rubetae
966 3654 996 3709 et
1015 3666 1109 3710 ranae
1128 3634 1231 3707 miataie
1249 3665 1308 3706 vs·

269 3766 351 3807 nena
370 3747 561 3815 auxiliantur
582 3749 744 3809 testudinis
764 3750 901 3809 marinae
931 3760 984 3809 aut
997 3748 1164 3825 =terrestris
1183 3744 1306 3827 sanguis

269 3848 435 3908 exsiccatus
456 3869 526 3907 cum
547 3851 634 3922 vino,
655 3850 824 3911 damasonii
845 3850 956 3937 radicis
976 3850 1108 3910 recentis
1129 3867 1198 3906 cum
1220 3854 1305 3905 scoto

271 3948 432 4019 drachma,
469 3949 566 4010 siccae
587 3962 688 4011 autern
710 3951 872 4011 drachmae
895 3951 981 4010 duae.
1042 3951 1136 4009 Iuvat
1153 3957 1183 4008 et
1204 3966 1306 4005 mera·

271 4069 344 4110 cum
366 4049 453 4129 copia
476 4050 611 4129 largiore
631 4063 738 4131 potum
759 4071 794 4110 ac
815 4052 934 4110 vomitu
955 4051 1123 4126 reiectum,
1144 4044 1306 4109 arundinis

268 4150 359 4213 'radix
380 4171 448 4210 cum
470 4151 564 4224 vino,
604 4154 734 4232 cyperul
763 4172 831 4211 cum
861 4151 945 4211 vino.
987 4147 1181 4210 sollicitandi
1202 4145 1304 4218 etiam,

269 4252 325 4332 qui
346 4272 465 4311 venena
486 4251 636 4313 eiusmodi
659 4252 842 4332 hauserunt,
868 4251 905 4310 ad
927 4248 1141 4310 ambulationis
1162 4256 1214 4305 aut
1234 4264 1307 4304 cur-

269 4372 321 4412 sus
340 4353 501 4429 exercitia,
531 4354 668 4435 itemquo
686 4353 819 4416 lotiones
849 4353 969 4415 crebras
989 4351 1024 4412 iu
1046 4345 1188 4411 caldariis
1207 4343 1304 4405 cellis.
