2817 5009
895 157 901 186 Ι

254 345 339 436 ’386
585 355 1006 436 COMMENTARIUS

276 516 360 579 dicat
380 510 468 575 folia.
506 509 594 571 Haec
621 518 725 571 autem
752 508 870 591 species
896 508 1015 570 etiamsi
1038 507 1217 571 Dioscoridi
1247 519 1336 571 nota

162 623 168 640 '
277 638 342 677 esre
363 611 482 696 potnit,
502 610 586 671 haud
606 622 710 672 tamen
732 608 810 669 adeo
830 610 1003 672 communis
1015 609 1113 671 fuisse
1130 610 1265 686 videtur,
1284 630 1335 669 ac

277 714 375 798 prior.
417 711 525 771 Altera
535 711 681 792 aperies,
715 709 803 770 cuins
826 708 946 772 fractus
968 733 1039 775 cum
1058 703 1161 794 καρύῳ
1187 707 1337 792 naniam

232 869 235 884 ,
277 836 333 875 seu
353 799 564 895 ἦρακλεωτοιῷ
584 809 809 884 conferuntur,
849 811 1019 888 luniperus
1049 811 1231 891 Oxycedrus
1258 831 1336 872 esse

173 953 176 976 .
277 915 421 986 videtur,
458 934 516 994 per
544 932 668 971 omnem
698 911 856 990 Europam
883 911 1047 971 australem
1076 912 1149 972 satis
1174 910 1333 994 vulgaris,

278 1014 366 1076 cuius
386 1014 496 1072 baccae
515 1011 704 1071 rulesccntes
726 1029 837 1069 nucem
858 1010 1031 1070 avellanam
1051 1023 1191 1091 aequant.

361 1121 498 1214 Λιβιούμ
516 1147 631 1187 nomen
652 1127 829 1206 aegyptium
850 1123 920 1186 cum
940 1137 1014 1187 nota
1034 1128 1156 1209 generis
1175 1126 1334 1188 feminini

277 1228 372 1316 τελιβὶ
391 1228 628 1311 pronunciatum
657 1228 691 1286 in
717 1229 899 1305 Lycaonum
930 1226 1068 1308 lingnam
1095 1228 1252 1288 mansiisse
1276 1237 1332 1285 te·

161 1337 168 1346 ”
279 1345 377 1395 statur
396 1328 600 1391 Jahlouskius.
609 1324 639 1365 ²²
680 1327 823 1403 Namque
843 1321 976 1409 ὄὲλβειαν
996 1329 1108 1389 dictam
1129 1327 1226 1388 luisse
1242 1324 1332 1407 apud

200 1483 203 1490 .
280 1436 441 1514 Lycaones
463 1427 637 1508 Stephanus
659 1426 846 1506 Byzantinus
868 1439 912 1487 est
926 1423 1079 1488 auctor.²³
1119 1428 1249 1500 Rossius
1268 1424 1331 1486 ad-

280 1534 358 1604 iieit,
380 1525 484 1612 ἐλλιβί,
504 1529 676 1609 aegyptiam
697 1547 816 1602 vocem,
837 1528 974 1607 plantam
994 1527 1151 1602 denotare,
1172 1546 1253 1606 quae
1271 1525 1328 1584 iu-

280 1633 397 1696 sauiam
424 1623 561 1688 tollat.²'¹
611 1627 710 1706 ipsam
745 1628 838 1685 etiam
865 1649 1004 1708 graecam
1037 1647 1146 1688 rocem
1173 1620 1330 1708 ἄρκευθος

281 1730 440 1812 aegyptiae
461 1748 525 1787 esse
546 1725 676 1806 originis
697 1725 856 1806 perhibet:
885 1719 1024 1811 ἕρχηβθῶ
1045 1732 1128 1788 enim
1150 1726 1330 1786 umbrosam

281 1835 418 1915 plantam
438 1829 568 1907 signare.
608 1826 732 1884 Nomen
754 1826 857 1885 asrsrm
879 1838 932 1887 ant
951 1829 1099 1908 punicum
1121 1825 1330 1908 ζουορινοίπεῐ

281 1932 431 2012 scriptum
451 1927 573 1988 videtur
594 1922 650 2001 'sab
670 1940 724 2011 aa}
734 1967 743 1996 ‚
764 1925 856 1984 arbor
875 1926 1046 1987 benamu-a
1066 1929 1224 2008 lugubris,
1243 1948 1327 1988 esse.

363 2043 437 2126 Cap.
457 2043 539 2104 clv,
582 2043 666 2103 Duas
687 2063 751 2102 esse
772 2043 934 2104 varietates
954 2048 1099 2122 luniperi
1118 2045 1265 2115 Sabinae,
1280 2042 1329 2102 al-

281 2159 380 2211 teram
415 2143 687 2221 cupressisols'arn,
735 2144 862 2204 alteram
893 2148 1168 2225 tanmriseifirlirnn
1195 2142 1329 2204 Aitonio

282 2249 413 2317 dictam,
434 2244 534 2303 cnivis
555 2253 663 2304 notum
685 2253 739 2304 est
781 2246 905 2305 Genera
926 2244 987 2302 duo
1007 2247 1046 2303 D.
1067 2245 1232 2313 dicuutur,
1253 2262 1329 2303 cnm

282 2367 354 2410 raro
377 2343 543 2405 discrimen
562 2363 729 2425 generum,
752 2345 925 2426 specierum
965 2354 997 2405 ct
1025 2346 1209 2406 varietatum
1241 2341 1330 2425 apud

282 2457 402 2524 veteres
420 2444 548 2505 obvium
567 2447 616 2505 sit.
952 2431 954 2440 ’

365 2545 440 2625 Cap.
461 2543 526 2606 CV‘.
577 2543 754 2624 Descriptio
774 2541 976 2605 Cedrivaria
998 2543 1096 2604 estin
1117 2543 1276 2606 codicibus
1296 2551 1330 2602 et

283 2644 478 2707 editionibus.
518 2643 632 2703 Nostra
660 2643 786 2723 quidem
811 2643 902 2702 lectio
930 2643 1042 2704 nititur
1066 2644 1248 2704 auctoritate
1264 2662 1329 2701 eo-

180 2741 187 2763 ‘
285 2747 388 2808 dicum
405 2743 705 2824 vindobonensium‚
736 2743 942 2803 Cautscuaeni
963 2753 993 2803 et
1018 2743 1223 2824 interpretum
1244 2745 1329 2803 Ara·-

283 2865 376 2935 bum,
418 2862 472 2940 qni
492 2851 588 2939 υὶρβ
609 2856 781 2941 (scherbiu)
801 2860 954 2933 arborem,
973 2839 1071 2941 obl-¹3
1090 2858 1233 2937 (kitrcin)
1247 2879 1326 2921 vero

175 3013 185 3028 r
283 2959 402 3044 κεδρίον
429 2962 593 3041 appellant.
653 2960 723 3039 Ipsa
747 2960 838 3018 etiam
860 2979 924 3019 vox
947 2958 1049 3042 radoin
1075 2960 1199 3024 videtur
1218 2960 1330 3021 orien-

283 3064 354 3124 talia
384 3080 451 3122 esse
483 3059 628 3140 originis,
663 3059 743 3119 sicut
770 3059 892 3119 Plinius
911 3062 1070 3141 perhibet,
1103 3061 1205 3142 picem
1224 3059 1326 3141 liqui-

283 3179 355 3239 dam
377 3177 411 3238 in
434 3176 525 3256 Syria
548 3176 686 3236 cedrium
701 3174 859 3238 vocari²⁵.
877 3161 918 3259 Οἵ
1002 3189 1113 3241 autern*
1135 3187 1219 3237 certe
1240 3175 1328 3237 radi·

283 3299 351 3341 cem
372 3289 439 3357 'stup
459 3277 565 3351 habet,
591 3276 724 3357 quaein
748 3279 891 3339 omnibus
912 3280 1056 3341 semiticis
1076 3278 1215 3339 dialectis
1235 3276 1328 3336 redo-

283 3380 360 3449 lere,
399 3377 512 3456 suffire
538 3374 698 3454 significat.

366 3477 517 3557 Serapion
556 3485 587 3536 et
619 3476 782 3537 Avicenna
822 3475 934 3559 legisse
967 3476 1115 3539 videntur
1146 3464 1326 3557 μικρότερον

282 3571 337 3660 μὲν
362 3570 449 3657 παρὰ
476 3567 576 3650 nolui,
618 3597 751 3656 namque
782 3576 936 3638 minorem
959 3577 1043 3638 cedri
1071 3577 1209 3638 fructum
1229 3597 1325 3656 quam

283 3681 421 3772 cupressi
451 3676 639 3759 praedicant.
700 3676 806 3737 Editio
843 3677 987 3759 princeps
1017 3698 1111 3753 vero,
1152 3678 1325 3740 Marcellus

284 3779 457 3862 Vergilias,
488 3786 519 3837 et
539 3777 594 3858 qni
614 3787 803 3858 sequuntur,
840 3777 922 3836 nihil
945 3778 1059 3838 habeut
1084 3776 1123 3836 de
1143 3776 1325 3840 differentia

249 3875 264 3894 ‘
282 3880 369 3943 cedri
389 3876 515 3939 maioris
529 3876 731 3962 minorisque,
751 3870 872 3961 καρπὸν
897 3876 1033 3963 φέρουσα
1051 3870 1165 3962 μύρτου
1185 3876 1324 3960 μέγεθος,

316 4127 361 4198 ss)
379 4131 475 4189 Opusc.
492 4140 513 4174 ι.
525 4143 552 4188 ρ.
565 4130 624 4180 aad.

316 4207 360 4259 as)
376 4200 441 4247 voc.
460 4197 562 4263 Δέρβη,
579 4213 605 4257 ρ.
622 4197 681 4258 sod.
780 4205 823 4259 as)
839 4201 954 4261 Etymol.
973 4208 1075 4259 aegypt.
1090 4213 1119 4259 ρ.
1135 4206 1176 4255 aa.

315 4271 358 4325 ss)
372 4264 434 4314 Lib.
453 4267 498 4319 ιθ,
517 4276 560 4312 ar.
