<?xml version="1.0" encoding="UTF-8"?>
<!DOCTYPE html PUBLIC "-//W3C//DTD XHTML 1.0 Transitional//EN"
    "http://www.w3.org/TR/xhtml1/DTD/xhtml1-transitional.dtd">
<html xmlns="http://www.w3.org/1999/xhtml" xml:lang="en" lang="en">
 <head>
  <title>
</title>
<meta http-equiv="Content-Type" content="text/html;charset=utf-8" />
  <meta name='ocr-system' content='tesseract 3.04.00' />
  <meta name='ocr-capabilities' content='ocr_page ocr_carea ocr_par ocr_line ocrx_word'/>
</head>
<body>
  <div class='ocr_page' id='page_1' title='image "./medicorumgraeco00hippgoog_0439.png"; bbox 0 0 2817 5009; ppageno 0'>
   <div class='ocr_carea' id='block_1_1' title="bbox 291 297 1264 408">
    <p class='ocr_par' dir='ltr' id='par_1_1' title="bbox 291 297 1264 408">
     <span class='ocr_line' id='line_1_1' title="bbox 291 297 1264 408; baseline 0.014 -41"><span class='ocrx_word' id='word_1_1' title='bbox 291 302 345 367; x_wconf 83' lang='grc'><strong>444</strong></span> <span class='ocrx_word' id='word_1_2' title='bbox 381 297 1048 380; x_wconf 69' lang='lat' dir='ltr'><strong>marcommannas-145</strong></span> <span class='ocrx_word' id='word_1_3' title='bbox 1128 307 1193 379; x_wconf 85' lang='grc'><strong>444</strong></span> <span class='ocrx_word' id='word_1_4' title='bbox 1261 399 1264 408; x_wconf 77' lang='lat'><strong>,</strong></span> 
     </span>
    </p>
   </div>
   <div class='ocr_carea' id='block_1_2' title="bbox 130 456 1273 1042">
    <p class='ocr_par' dir='ltr' id='par_1_2' title="bbox 133 456 1188 644">
     <span class='ocr_line' id='line_1_2' title="bbox 134 456 1188 552; baseline 0.005 -32"><span class='ocrx_word' id='word_1_5' title='bbox 134 456 256 521; x_wconf 89' lang='lat' dir='ltr'><strong>Delilio</strong></span> <span class='ocrx_word' id='word_1_6' title='bbox 276 466 369 552; x_wconf 80' lang='lat' dir='ltr'><strong>teate,</strong></span> <span class='ocrx_word' id='word_1_7' title='bbox 388 476 448 536; x_wconf 87' lang='grc'><strong>444</strong></span> <span class='ocrx_word' id='word_1_8' title='bbox 467 475 591 540; x_wconf 83' lang='lat' dir='ltr'><strong>omnem</strong></span> <span class='ocrx_word' id='word_1_9' title='bbox 613 457 790 538; x_wconf 72' lang='lat' dir='ltr'><strong>Aegyptum</strong></span> <span class='ocrx_word' id='word_1_10' title='bbox 821 466 870 535; x_wconf 89' lang='lat' dir='ltr'><strong>et,</strong></span> <span class='ocrx_word' id='word_1_11' title='bbox 898 472 934 519; x_wconf 92' lang='lat' dir='ltr'><strong>ut</strong></span> <span class='ocrx_word' id='word_1_12' title='bbox 954 458 1098 538; x_wconf 77' lang='lat' dir='ltr'><strong>videtur,</strong></span> <span class='ocrx_word' id='word_1_13' title='bbox 1128 485 1188 546; x_wconf 87' lang='lat' dir='ltr'><strong>per</strong></span> 
     </span>
     <span class='ocr_line' id='line_1_3' title="bbox 133 545 811 644; baseline 0 -24"><span class='ocrx_word' id='word_1_14' title='bbox 133 560 234 644; x_wconf 75' lang='lat' dir='ltr'><strong>ipram</strong></span> <span class='ocrx_word' id='word_1_15' title='bbox 256 545 453 639; x_wconf 79' lang='lat' dir='ltr'><strong>Aethiopiam</strong></span> <span class='ocrx_word' id='word_1_16' title='bbox 472 557 544 618; x_wconf 86' lang='grc'><strong>44444</strong></span> <span class='ocrx_word' id='word_1_17' title='bbox 564 567 638 619; x_wconf 84' lang='lat' dir='ltr'><strong>eunt</strong></span> <span class='ocrx_word' id='word_1_18' title='bbox 655 558 811 640; x_wconf 77' lang='lat' dir='ltr'><strong>vulgares.</strong></span> 
     </span>
    </p>

    <p class='ocr_par' dir='ltr' id='par_1_3' title="bbox 130 628 1273 1042">
     <span class='ocr_line' id='line_1_4' title="bbox 216 628 1273 750; baseline -0.002 -28"><span class='ocrx_word' id='word_1_19' title='bbox 216 661 303 723; x_wconf 85' lang='lat' dir='ltr'><strong>Haec</strong></span> <span class='ocrx_word' id='word_1_20' title='bbox 323 677 396 739; x_wconf 82' lang='lat' dir='ltr'><strong>ergo</strong></span> <span class='ocrx_word' id='word_1_21' title='bbox 418 669 463 720; x_wconf 90' lang='grc'><strong>444</strong></span> <span class='ocrx_word' id='word_1_22' title='bbox 489 643 599 732; x_wconf 87' lang='lat' dir='ltr'><strong>arbor,</strong></span> <span class='ocrx_word' id='word_1_23' title='bbox 637 679 718 739; x_wconf 82' lang='lat' dir='ltr'><strong>quae</strong></span> <span class='ocrx_word' id='word_1_24' title='bbox 747 658 904 722; x_wconf 77' lang='lat' dir='ltr'><strong>lacrimam</strong></span> <span class='ocrx_word' id='word_1_25' title='bbox 936 660 1025 750; x_wconf 86' lang='lat' dir='ltr'><strong>illam</strong></span> <span class='ocrx_word' id='word_1_26' title='bbox 1044 628 1187 744; x_wconf 80' lang='lat' dir='ltr'><strong>largitur,</strong></span> <span class='ocrx_word' id='word_1_27' title='bbox 1271 712 1273 720; x_wconf 80' lang='grc'><strong>,</strong></span> 
     </span>
     <span class='ocr_line' id='line_1_5' title="bbox 132 745 1185 846; baseline 0.003 -24"><span class='ocrx_word' id='word_1_28' title='bbox 132 781 228 842; x_wconf 82' lang='lat' dir='ltr'><strong>quam</strong></span> <span class='ocrx_word' id='word_1_29' title='bbox 257 771 288 822; x_wconf 89' lang='lat' dir='ltr'><strong>et</strong></span> <span class='ocrx_word' id='word_1_30' title='bbox 315 779 386 821; x_wconf 88' lang='lat' dir='ltr'><strong>cum</strong></span> <span class='ocrx_word' id='word_1_31' title='bbox 416 759 605 822; x_wconf 71' lang='lat' dir='ltr'><strong>scammonia</strong></span> <span class='ocrx_word' id='word_1_32' title='bbox 632 768 663 820; x_wconf 89' lang='lat' dir='ltr'><strong>et</strong></span> <span class='ocrx_word' id='word_1_33' title='bbox 691 780 763 821; x_wconf 87' lang='lat' dir='ltr'><strong>cum</strong></span> <span class='ocrx_word' id='word_1_34' title='bbox 792 760 988 822; x_wconf 84' lang='lat' dir='ltr'><strong>ammoniaco</strong></span> <span class='ocrx_word' id='word_1_35' title='bbox 1017 745 1185 846; x_wconf 85' lang='lat' dir='ltr'><strong>comparat,</strong></span> 
     </span>
     <span class='ocr_line' id='line_1_6' title="bbox 130 859 1185 948; baseline 0.004 -24"><span class='ocrx_word' id='word_1_36' title='bbox 130 871 240 924; x_wconf 82' lang='lat' dir='ltr'><strong>nostra</strong></span> <span class='ocrx_word' id='word_1_37' title='bbox 258 870 355 921; x_wconf 86' lang='lat' dir='ltr'><strong>aetate</strong></span> <span class='ocrx_word' id='word_1_38' title='bbox 381 859 475 941; x_wconf 87' lang='lat' dir='ltr'><strong>plane</strong></span> <span class='ocrx_word' id='word_1_39' title='bbox 504 859 674 941; x_wconf 81' lang='lat' dir='ltr'><strong>ignotam</strong></span> <span class='ocrx_word' id='word_1_40' title='bbox 715 860 855 922; x_wconf 83' lang='lat' dir='ltr'><strong>Arabum</strong></span> <span class='ocrx_word' id='word_1_41' title='bbox 877 871 979 921; x_wconf 87' lang='lat' dir='ltr'><strong>tamen</strong></span> <span class='ocrx_word' id='word_1_42' title='bbox 1000 874 1098 926; x_wconf 84' lang='lat' dir='ltr'><strong>aetate</strong></span> <span class='ocrx_word' id='word_1_43' title='bbox 1117 863 1185 948; x_wconf 65' lang='lat' dir='ltr'><strong>upi-</strong></span> 
     </span>
     <span class='ocr_line' id='line_1_7' title="bbox 130 958 989 1042; baseline -0.001 -20"><span class='ocrx_word' id='word_1_44' title='bbox 130 970 230 1022; x_wconf 79' lang='grc'><strong>4444444</strong></span> <span class='ocrx_word' id='word_1_45' title='bbox 248 959 364 1040; x_wconf 79' lang='grc'><strong>1444444,</strong></span> <span class='ocrx_word' id='word_1_46' title='bbox 385 968 469 1041; x_wconf 85' lang='lat' dir='ltr'><strong>patet</strong></span> <span class='ocrx_word' id='word_1_47' title='bbox 490 979 507 1019; x_wconf 87' lang='grc'><strong>4</strong></span> <span class='ocrx_word' id='word_1_48' title='bbox 527 958 709 1040; x_wconf 71' lang='lat' dir='ltr'><strong>Serapionis</strong></span> <span class='ocrx_word' id='word_1_49' title='bbox 730 960 947 1042; x_wconf 74' lang='lat' dir='ltr'><strong>descriptione.</strong></span> <span class='ocrx_word' id='word_1_50' title='bbox 957 959 989 1001; x_wconf 78' lang='lat'><strong>⁶²</strong></span> 
     </span>
    </p>
   </div>
   <div class='ocr_carea' id='block_1_3' title="bbox 127 1065 1241 1360">
    <p class='ocr_par' dir='ltr' id='par_1_4' title="bbox 127 1065 1241 1360">
     <span class='ocr_line' id='line_1_8' title="bbox 214 1065 1241 1192; baseline 0.002 -55"><span class='ocrx_word' id='word_1_51' title='bbox 214 1077 289 1159; x_wconf 81' lang='lat' dir='ltr'><strong>Cap.</strong></span> <span class='ocrx_word' id='word_1_52' title='bbox 314 1075 440 1138; x_wconf 84' lang='lat' dir='ltr'>CXLII.</span> <span class='ocrx_word' id='word_1_53' title='bbox 500 1076 775 1192; x_wconf 69' lang='lat' dir='ltr'><strong>Additamentum,</strong></span> <span class='ocrx_word' id='word_1_54' title='bbox 813 1065 1241 1170; x_wconf 59' lang='grc' dir='ltr'><strong>444441444141.4444(14144-Ὶ</strong></span> 
     </span>
     <span class='ocr_line' id='line_1_9' title="bbox 127 1163 1180 1266; baseline -0.001 -24"><span class='ocrx_word' id='word_1_55' title='bbox 127 1196 241 1242; x_wconf 76' lang='lat' dir='ltr'><strong>trenaee</strong></span> <span class='ocrx_word' id='word_1_56' title='bbox 258 1177 382 1252; x_wconf 88' lang='lat' dir='ltr'><strong>habent,</strong></span> <span class='ocrx_word' id='word_1_57' title='bbox 402 1172 558 1260; x_wconf 72' lang='grc'><strong>44644444,</strong></span> <span class='ocrx_word' id='word_1_58' title='bbox 577 1168 904 1266; x_wconf 74' lang='grc'><strong>446447441444441444</strong></span> <span class='ocrx_word' id='word_1_59' title='bbox 920 1187 951 1239; x_wconf 88' lang='lat' dir='ltr'><strong>et</strong></span> <span class='ocrx_word' id='word_1_60' title='bbox 970 1200 1074 1241; x_wconf 78' lang='lat' dir='ltr'><strong>recena</strong></span> <span class='ocrx_word' id='word_1_61' title='bbox 1095 1163 1180 1241; x_wconf 79' lang='grc'><strong>44444</strong></span> 
     </span>
     <span class='ocr_line' id='line_1_10' title="bbox 128 1280 506 1360; baseline -0.005 -22"><span class='ocrx_word' id='word_1_62' title='bbox 128 1280 314 1344; x_wconf 80' lang='lat' dir='ltr'><strong>vertendum</strong></span> <span class='ocrx_word' id='word_1_63' title='bbox 335 1297 401 1337; x_wconf 85' lang='grc'><strong>4444</strong></span> <span class='ocrx_word' id='word_1_64' title='bbox 419 1288 506 1360; x_wconf 89' lang='lat' dir='ltr'><strong>puto.</strong></span> 
     </span>
    </p>
   </div>
   <div class='ocr_carea' id='block_1_4' title="bbox 76 1386 1246 3496">
    <p class='ocr_par' dir='ltr' id='par_1_5' title="bbox 76 1386 1179 2281">
     <span class='ocr_line' id='line_1_11' title="bbox 212 1386 1179 1476; baseline 0.005 -20"><span class='ocrx_word' id='word_1_65' title='bbox 212 1395 288 1476; x_wconf 81' lang='grc'><strong>(144.</strong></span> <span class='ocrx_word' id='word_1_66' title='bbox 307 1395 432 1457; x_wconf 83' lang='lat' dir='ltr'><strong>CXLV.</strong></span> <span class='ocrx_word' id='word_1_67' title='bbox 476 1388 524 1457; x_wconf 81' lang='grc' dir='ltr'><strong>Τὰ</strong></span> <span class='ocrx_word' id='word_1_68' title='bbox 540 1390 696 1473; x_wconf 69' lang='lat' dir='ltr'><strong>uterere,</strong></span> <span class='ocrx_word' id='word_1_69' title='bbox 716 1406 771 1458; x_wconf 86' lang='lat' dir='ltr'><strong>aut</strong></span> <span class='ocrx_word' id='word_1_70' title='bbox 791 1386 949 1469; x_wconf 75' lang='grc'><strong>4444444444,</strong></span> <span class='ocrx_word' id='word_1_71' title='bbox 970 1406 1025 1459; x_wconf 88' lang='lat' dir='ltr'><strong>aut</strong></span> <span class='ocrx_word' id='word_1_72' title='bbox 1043 1393 1100 1471; x_wconf 81' lang='grc' dir='ltr'><strong>τὰς</strong></span> <span class='ocrx_word' id='word_1_73' title='bbox 1120 1420 1179 1461; x_wconf 57' lang='lat' dir='ltr'><strong>aa«.</strong></span> 
     </span>
     <span class='ocr_line' id='line_1_12' title="bbox 76 1495 1179 1582; baseline 0 -25"><span class='ocrx_word' id='word_1_74' title='bbox 76 1531 81 1540; x_wconf 47' lang='grc' dir='ltr'><strong>ν</strong></span> <span class='ocrx_word' id='word_1_75' title='bbox 109 1495 254 1569; x_wconf 70' lang='lat' dir='ltr'><strong>&#39;camiac</strong></span> <span class='ocrx_word' id='word_1_76' title='bbox 276 1515 391 1557; x_wconf 86' lang='lat' dir='ltr'><strong>nomen</strong></span> <span class='ocrx_word' id='word_1_77' title='bbox 413 1496 564 1578; x_wconf 82' lang='lat' dir='ltr'><strong>accepiaae</strong></span> <span class='ocrx_word' id='word_1_78' title='bbox 586 1519 604 1557; x_wconf 88' lang='grc'><strong>4</strong></span> <span class='ocrx_word' id='word_1_79' title='bbox 625 1496 808 1572; x_wconf 80' lang='lat' dir='ltr'><strong>Caatanide,</strong></span> <span class='ocrx_word' id='word_1_80' title='bbox 844 1517 924 1577; x_wconf 86' lang='lat' dir='ltr'><strong>quae</strong></span> <span class='ocrx_word' id='word_1_81' title='bbox 945 1498 1111 1582; x_wconf 78' lang='lat' dir='ltr'><strong>plurimam</strong></span> <span class='ocrx_word' id='word_1_82' title='bbox 1127 1499 1179 1579; x_wconf 73' lang='lat' dir='ltr'><strong>git</strong></span> 
     </span>
     <span class='ocr_line' id='line_1_13' title="bbox 124 1595 1176 1680; baseline 0.003 -23"><span class='ocrx_word' id='word_1_83' title='bbox 124 1604 201 1677; x_wconf 82' lang='lat' dir='ltr'><strong>gnat</strong></span> <span class='ocrx_word' id='word_1_84' title='bbox 236 1616 343 1658; x_wconf 87' lang='lat' dir='ltr'><strong>earum</strong></span> <span class='ocrx_word' id='word_1_85' title='bbox 377 1617 495 1657; x_wconf 89' lang='lat' dir='ltr'><strong>nucum</strong></span> <span class='ocrx_word' id='word_1_86' title='bbox 532 1595 674 1680; x_wconf 91' lang='lat' dir='ltr'><strong>copiam,</strong></span> <span class='ocrx_word' id='word_1_87' title='bbox 717 1600 779 1658; x_wconf 89' lang='lat' dir='ltr'><strong>iam</strong></span> <span class='ocrx_word' id='word_1_88' title='bbox 815 1597 974 1660; x_wconf 79' lang='lat' dir='ltr'><strong>Nicander</strong></span> <span class='ocrx_word' id='word_1_89' title='bbox 1011 1599 1123 1661; x_wconf 88' lang='lat' dir='ltr'><strong>docuit.</strong></span> <span class='ocrx_word' id='word_1_90' title='bbox 1145 1596 1176 1646; x_wconf 75' lang='lat'><strong>⁶³</strong></span> 
     </span>
     <span class='ocr_line' id='line_1_14' title="bbox 124 1697 1175 1773; baseline 0.001 -14"><span class='ocrx_word' id='word_1_91' title='bbox 124 1700 213 1768; x_wconf 79' lang='lat' dir='ltr'><strong>Duae</strong></span> <span class='ocrx_word' id='word_1_92' title='bbox 254 1697 348 1757; x_wconf 81' lang='lat' dir='ltr'><strong>urbes</strong></span> <span class='ocrx_word' id='word_1_93' title='bbox 384 1697 563 1758; x_wconf 81' lang='lat' dir='ltr'><strong>acholiaetea</strong></span> <span class='ocrx_word' id='word_1_94' title='bbox 607 1699 766 1773; x_wconf 88' lang='lat' dir='ltr'><strong>nominat,</strong></span> <span class='ocrx_word' id='word_1_95' title='bbox 800 1699 928 1760; x_wconf 84' lang='lat' dir='ltr'><strong>alteram</strong></span> <span class='ocrx_word' id='word_1_96' title='bbox 967 1700 1002 1760; x_wconf 84' lang='lat' dir='ltr'><strong>in</strong></span> <span class='ocrx_word' id='word_1_97' title='bbox 1039 1701 1175 1762; x_wconf 79' lang='lat' dir='ltr'><strong>Thema·</strong></span> 
     </span>
     <span class='ocr_line' id='line_1_15' title="bbox 121 1777 1175 1879; baseline 0 -20"><span class='ocrx_word' id='word_1_98' title='bbox 121 1797 185 1873; x_wconf 79' lang='lat' dir='ltr'><strong>lia,</strong></span> <span class='ocrx_word' id='word_1_99' title='bbox 227 1799 356 1857; x_wconf 85' lang='lat' dir='ltr'><strong>alteram</strong></span> <span class='ocrx_word' id='word_1_100' title='bbox 381 1777 416 1857; x_wconf 87' lang='lat' dir='ltr'><strong>in</strong></span> <span class='ocrx_word' id='word_1_101' title='bbox 444 1797 559 1858; x_wconf 88' lang='lat' dir='ltr'><strong>Ponto:</strong></span> <span class='ocrx_word' id='word_1_102' title='bbox 596 1798 678 1858; x_wconf 87' lang='lat' dir='ltr'><strong>circa</strong></span> <span class='ocrx_word' id='word_1_103' title='bbox 705 1810 870 1879; x_wconf 86' lang='lat' dir='ltr'><strong>utramque</strong></span> <span class='ocrx_word' id='word_1_104' title='bbox 900 1799 1055 1860; x_wconf 85' lang='lat' dir='ltr'><strong>abundare</strong></span> <span class='ocrx_word' id='word_1_105' title='bbox 1077 1810 1175 1860; x_wconf 87' lang='grc'><strong>44444-</strong></span> 
     </span>
     <span class='ocr_line' id='line_1_16' title="bbox 120 1891 1173 1986; baseline 0.003 -28"><span class='ocrx_word' id='word_1_106' title='bbox 120 1920 207 1984; x_wconf 72' lang='grc'><strong>44444,</strong></span> <span class='ocrx_word' id='word_1_107' title='bbox 263 1897 476 1958; x_wconf 84' lang='grc' dir='ltr'><strong>Τ14444414444444</strong></span> <span class='ocrx_word' id='word_1_108' title='bbox 503 1898 653 1979; x_wconf 88' lang='lat' dir='ltr'><strong>oppidum</strong></span> <span class='ocrx_word' id='word_1_109' title='bbox 675 1907 707 1986; x_wconf 84' lang='grc'><strong>44</strong></span> <span class='ocrx_word' id='word_1_110' title='bbox 726 1893 945 1960; x_wconf 79' lang='lat' dir='ltr'><strong>Herodotua⁰⁴¹</strong></span> <span class='ocrx_word' id='word_1_111' title='bbox 974 1891 1173 1961; x_wconf 72' lang='grc'><strong>4484441411</strong></span> 
     </span>
     <span class='ocr_line' id='line_1_17' title="bbox 119 1989 1174 2076; baseline 0 -15"><span class='ocrx_word' id='word_1_112' title='bbox 119 1989 332 2062; x_wconf 73' lang='grc' dir='ltr'><strong><em>Κασθανάίαν</em></strong></span> <span class='ocrx_word' id='word_1_113' title='bbox 350 1999 497 2060; x_wconf 76' lang='lat' dir='ltr'><strong>scribunt.</strong></span> <span class='ocrx_word' id='word_1_114' title='bbox 539 1997 641 2059; x_wconf 87' lang='lat' dir='ltr'><strong>Situm</strong></span> <span class='ocrx_word' id='word_1_115' title='bbox 664 1997 698 2062; x_wconf 85' lang='lat' dir='ltr'><strong>id</strong></span> <span class='ocrx_word' id='word_1_116' title='bbox 721 2000 837 2060; x_wconf 84' lang='lat' dir='ltr'><strong>eratin</strong></span> <span class='ocrx_word' id='word_1_117' title='bbox 860 2021 914 2061; x_wconf 84' lang='lat' dir='ltr'><strong>ora</strong></span> <span class='ocrx_word' id='word_1_118' title='bbox 931 2000 1087 2076; x_wconf 65' lang='lat' dir='ltr'><strong>maritima</strong></span> <span class='ocrx_word' id='word_1_119' title='bbox 1102 2002 1174 2061; x_wconf 90' lang='lat' dir='ltr'><strong>Ma-</strong></span> 
     </span>
     <span class='ocr_line' id='line_1_18' title="bbox 120 2098 1174 2181; baseline 0.001 -22"><span class='ocrx_word' id='word_1_120' title='bbox 120 2100 263 2178; x_wconf 75' lang='lat' dir='ltr'><strong>guesiae,</strong></span> <span class='ocrx_word' id='word_1_121' title='bbox 301 2108 331 2159; x_wconf 89' lang='lat' dir='ltr'><strong>ct</strong></span> <span class='ocrx_word' id='word_1_122' title='bbox 352 2099 410 2157; x_wconf 80' lang='lat' dir='ltr'><strong>sub</strong></span> <span class='ocrx_word' id='word_1_123' title='bbox 430 2098 519 2158; x_wconf 89' lang='lat' dir='ltr'><strong>Pelio</strong></span> <span class='ocrx_word' id='word_1_124' title='bbox 539 2111 662 2173; x_wconf 85' lang='lat' dir='ltr'><strong>monte,</strong></span> <span class='ocrx_word' id='word_1_125' title='bbox 698 2098 783 2158; x_wconf 86' lang='lat' dir='ltr'><strong>iuter</strong></span> <span class='ocrx_word' id='word_1_126' title='bbox 802 2100 988 2158; x_wconf 84' lang='lat' dir='ltr'><strong>Meliboeam</strong></span> <span class='ocrx_word' id='word_1_127' title='bbox 1011 2111 1042 2160; x_wconf 89' lang='grc'><strong>44</strong></span> <span class='ocrx_word' id='word_1_128' title='bbox 1063 2101 1174 2181; x_wconf 85' lang='lat' dir='ltr'><strong>Sepia-</strong></span> 
     </span>
     <span class='ocr_line' id='line_1_19' title="bbox 121 2185 1151 2281; baseline 0.001 -20"><span class='ocrx_word' id='word_1_129' title='bbox 121 2185 163 2263; x_wconf 82' lang='lat' dir='ltr'><strong>da</strong></span> <span class='ocrx_word' id='word_1_130' title='bbox 181 2196 441 2281; x_wconf 82' lang='lat' dir='ltr'><strong>promontorium.</strong></span> <span class='ocrx_word' id='word_1_131' title='bbox 469 2200 519 2258; x_wconf 90' lang='lat' dir='ltr'><strong>De</strong></span> <span class='ocrx_word' id='word_1_132' title='bbox 539 2201 664 2281; x_wconf 89' lang='lat' dir='ltr'><strong>pontica</strong></span> <span class='ocrx_word' id='word_1_133' title='bbox 684 2195 856 2262; x_wconf 74' lang='lat' dir='ltr'><strong>Kaorart&#39;dc</strong></span> <span class='ocrx_word' id='word_1_134' title='bbox 877 2198 958 2259; x_wconf 89' lang='lat' dir='ltr'><strong>nihil</strong></span> <span class='ocrx_word' id='word_1_135' title='bbox 979 2199 1151 2272; x_wconf 73' lang='lat' dir='ltr'><strong>innotescit.</strong></span> 
     </span>
    </p>

    <p class='ocr_par' dir='ltr' id='par_1_6' title="bbox 78 2291 1172 3190">
     <span class='ocr_line' id='line_1_20' title="bbox 158 2291 1172 2396; baseline 0.004 -36.19"><span class='ocrx_word' id='word_1_136' title='bbox 158 2295 342 2361; x_wconf 82' lang='lat' dir='ltr'><strong>Alteram</strong></span> <span class='ocrx_word' id='word_1_137' title='bbox 364 2298 624 2396; x_wconf 75' lang='lat' dir='ltr'><strong>appellationem,</strong></span> <span class='ocrx_word' id='word_1_138' title='bbox 658 2295 817 2380; x_wconf 81' lang='grc'><strong>4444144441</strong></span> <span class='ocrx_word' id='word_1_139' title='bbox 840 2291 970 2383; x_wconf 74' lang='grc' dir='ltr'><em>βάλανοι</em></span> <span class='ocrx_word' id='word_1_140' title='bbox 979 2346 991 2376; x_wconf 80' lang='grc'><strong>,</strong></span> <span class='ocrx_word' id='word_1_141' title='bbox 1032 2300 1172 2374; x_wconf 82' lang='lat' dir='ltr'><strong>Galeuua</strong></span> 
     </span>
     <span class='ocr_line' id='line_1_21' title="bbox 119 2383 1171 2492; baseline -0.001 -30"><span class='ocrx_word' id='word_1_142' title='bbox 119 2424 141 2464; x_wconf 80' lang='lat' dir='ltr'><strong>a</strong></span> <span class='ocrx_word' id='word_1_143' title='bbox 160 2395 307 2492; x_wconf 77' lang='lat' dir='ltr'><strong>Sardibua</strong></span> <span class='ocrx_word' id='word_1_144' title='bbox 327 2383 448 2477; x_wconf 87' lang='lat' dir='ltr'><strong>Lydiae</strong></span> <span class='ocrx_word' id='word_1_145' title='bbox 470 2399 601 2462; x_wconf 83' lang='lat' dir='ltr'><strong>derivat.</strong></span> <span class='ocrx_word' id='word_1_146' title='bbox 611 2394 643 2439; x_wconf 78' lang='lat'><strong>⁶⁶</strong></span> <span class='ocrx_word' id='word_1_147' title='bbox 694 2401 741 2460; x_wconf 92' lang='lat' dir='ltr'><strong>Eo</strong></span> <span class='ocrx_word' id='word_1_148' title='bbox 762 2401 857 2479; x_wconf 79' lang='lat' dir='ltr'><strong>magis</strong></span> <span class='ocrx_word' id='word_1_149' title='bbox 873 2412 976 2459; x_wconf 90' lang='lat' dir='ltr'><strong>autem</strong></span> <span class='ocrx_word' id='word_1_150' title='bbox 992 2398 1084 2464; x_wconf 85' lang='lat' dir='ltr'><strong>fidem</strong></span> <span class='ocrx_word' id='word_1_151' title='bbox 1102 2421 1171 2461; x_wconf 90' lang='lat' dir='ltr'><strong>me-</strong></span> 
     </span>
     <span class='ocr_line' id='line_1_22' title="bbox 118 2479 1168 2592; baseline -0.004 -27"><span class='ocrx_word' id='word_1_152' title='bbox 118 2479 225 2592; x_wconf 70' lang='grc'><strong>441444,</strong></span> <span class='ocrx_word' id='word_1_153' title='bbox 247 2485 317 2559; x_wconf 86' lang='lat' dir='ltr'><strong>cum</strong></span> <span class='ocrx_word' id='word_1_154' title='bbox 339 2497 439 2576; x_wconf 85' lang='lat' dir='ltr'><strong>patria</strong></span> <span class='ocrx_word' id='word_1_155' title='bbox 459 2498 590 2575; x_wconf 87' lang='lat' dir='ltr'><strong>Galeni,</strong></span> <span class='ocrx_word' id='word_1_156' title='bbox 609 2500 814 2581; x_wconf 80' lang='lat' dir='ltr'><strong>Pergamum,</strong></span> <span class='ocrx_word' id='word_1_157' title='bbox 836 2500 892 2562; x_wconf 84' lang='lat' dir='ltr'><strong>vix</strong></span> <span class='ocrx_word' id='word_1_158' title='bbox 913 2499 1080 2579; x_wconf 85' lang='lat' dir='ltr'><strong>quingenta</strong></span> <span class='ocrx_word' id='word_1_159' title='bbox 1105 2511 1168 2567; x_wconf 88' lang='grc'><strong>444,</strong></span> 
     </span>
     <span class='ocr_line' id='line_1_23' title="bbox 120 2597 1169 2679; baseline 0.004 -22"><span class='ocrx_word' id='word_1_160' title='bbox 120 2603 174 2665; x_wconf 80' lang='lat' dir='ltr'><strong>diu</strong></span> <span class='ocrx_word' id='word_1_161' title='bbox 204 2597 370 2679; x_wconf 76' lang='lat' dir='ltr'><strong>(tredecim</strong></span> <span class='ocrx_word' id='word_1_162' title='bbox 405 2597 555 2659; x_wconf 85' lang='lat' dir='ltr'><strong>milliaria</strong></span> <span class='ocrx_word' id='word_1_163' title='bbox 581 2600 772 2679; x_wconf 84' lang='lat' dir='ltr'><strong>germanica)</strong></span> <span class='ocrx_word' id='word_1_164' title='bbox 808 2621 826 2664; x_wconf 85' lang='grc'><strong>44</strong></span> <span class='ocrx_word' id='word_1_165' title='bbox 856 2599 1004 2672; x_wconf 72' lang='lat' dir='ltr'><strong>Sardibus</strong></span> <span class='ocrx_word' id='word_1_166' title='bbox 1034 2599 1169 2661; x_wconf 78' lang='lat' dir='ltr'><strong>dictaret.</strong></span> 
     </span>
     <span class='ocr_line' id='line_1_24' title="bbox 118 2689 1167 2781; baseline -0.005 -17"><span class='ocrx_word' id='word_1_167' title='bbox 118 2689 217 2768; x_wconf 81' lang='lat' dir='ltr'><strong>Addit</strong></span> <span class='ocrx_word' id='word_1_168' title='bbox 238 2699 391 2770; x_wconf 85' lang='lat' dir='ltr'><strong>Geleuua,</strong></span> <span class='ocrx_word' id='word_1_169' title='bbox 411 2698 554 2759; x_wconf 85' lang='grc'><strong>1444444444</strong></span> <span class='ocrx_word' id='word_1_170' title='bbox 574 2720 698 2780; x_wconf 87' lang='lat' dir='ltr'><strong>quoque</strong></span> <span class='ocrx_word' id='word_1_171' title='bbox 718 2699 871 2781; x_wconf 87' lang='lat' dir='ltr'><strong>appellari</strong></span> <span class='ocrx_word' id='word_1_172' title='bbox 893 2722 909 2758; x_wconf 91' lang='grc'><strong>4</strong></span> <span class='ocrx_word' id='word_1_173' title='bbox 930 2698 1095 2774; x_wconf 82' lang='lat' dir='ltr'><strong>Leueenia,</strong></span> <span class='ocrx_word' id='word_1_174' title='bbox 1117 2701 1167 2759; x_wconf 90' lang='lat' dir='ltr'><strong>lo·</strong></span> 
     </span>
     <span class='ocr_line' id='line_1_25' title="bbox 78 2797 1167 2883; baseline 0.003 -26"><span class='ocrx_word' id='word_1_175' title='bbox 78 2821 84 2833; x_wconf 85' lang='lat'><strong>·</strong></span> <span class='ocrx_word' id='word_1_176' title='bbox 116 2811 156 2865; x_wconf 66' lang='grc'><strong>444</strong></span> <span class='ocrx_word' id='word_1_177' title='bbox 179 2800 313 2883; x_wconf 85' lang='lat' dir='ltr'><strong>quodant</strong></span> <span class='ocrx_word' id='word_1_178' title='bbox 334 2797 409 2857; x_wconf 88' lang='lat' dir='ltr'><strong>Idao</strong></span> <span class='ocrx_word' id='word_1_179' title='bbox 428 2800 550 2858; x_wconf 77' lang='lat' dir='ltr'><strong>montio.</strong></span> <span class='ocrx_word' id='word_1_180' title='bbox 593 2802 673 2860; x_wconf 78' lang='lat' dir='ltr'><strong>Satin</strong></span> <span class='ocrx_word' id='word_1_181' title='bbox 693 2800 831 2881; x_wconf 75' lang='lat' dir='ltr'><strong>vulgaria</strong></span> <span class='ocrx_word' id='word_1_182' title='bbox 852 2808 897 2860; x_wconf 81' lang='grc'><strong>444</strong></span> <span class='ocrx_word' id='word_1_183' title='bbox 917 2798 1084 2878; x_wconf 84' lang='lat' dir='ltr'><strong>appellatio</strong></span> <span class='ocrx_word' id='word_1_184' title='bbox 1106 2820 1167 2860; x_wconf 49' lang='lat' dir='ltr'><strong>uua</strong></span> 
     </span>
     <span class='ocr_line' id='line_1_26' title="bbox 98 2882 1165 2985; baseline -0.006 -19"><span class='ocrx_word' id='word_1_185' title='bbox 98 2882 162 2966; x_wconf 36' lang='grc'><strong>’414</strong></span> <span class='ocrx_word' id='word_1_186' title='bbox 180 2895 347 2972; x_wconf 83' lang='lat' dir='ltr'><strong>euboicae,</strong></span> <span class='ocrx_word' id='word_1_187' title='bbox 368 2891 483 2982; x_wconf 77' lang='grc'><strong>44444144</strong></span> <span class='ocrx_word' id='word_1_188' title='bbox 505 2894 660 2985; x_wconf 73' lang='grc'><strong>4414444441,</strong></span> <span class='ocrx_word' id='word_1_189' title='bbox 682 2911 749 2964; x_wconf 88' lang='lat' dir='ltr'><strong>tum</strong></span> <span class='ocrx_word' id='word_1_190' title='bbox 764 2901 797 2967; x_wconf 83' lang='lat' dir='ltr'><strong>in</strong></span> <span class='ocrx_word' id='word_1_191' title='bbox 813 2899 1029 2980; x_wconf 77' lang='lat' dir='ltr'><strong>Theophrasto</strong></span> <span class='ocrx_word' id='word_1_192' title='bbox 1037 2895 1077 2972; x_wconf 77' lang='lat'><strong>⁶⁷,</strong></span> <span class='ocrx_word' id='word_1_193' title='bbox 1098 2910 1165 2960; x_wconf 89' lang='lat' dir='ltr'><strong>tum</strong></span> 
     </span>
     <span class='ocr_line' id='line_1_27' title="bbox 115 2996 1164 3081; baseline -0.005 -14"><span class='ocrx_word' id='word_1_194' title='bbox 115 3004 152 3066; x_wconf 87' lang='lat' dir='ltr'><strong>iu</strong></span> <span class='ocrx_word' id='word_1_195' title='bbox 180 3002 406 3073; x_wconf 80' lang='lat' dir='ltr'><strong>Athenaeo,</strong></span> <span class='ocrx_word' id='word_1_196' title='bbox 357 2996 389 3044; x_wconf 73' lang='lat'><strong>⁶⁸</strong></span> <span class='ocrx_word' id='word_1_197' title='bbox 447 3001 520 3081; x_wconf 80' lang='lat' dir='ltr'><strong>quia</strong></span> <span class='ocrx_word' id='word_1_198' title='bbox 546 3002 581 3064; x_wconf 88' lang='lat' dir='ltr'><strong>in</strong></span> <span class='ocrx_word' id='word_1_199' title='bbox 610 3023 647 3064; x_wconf 85' lang='grc'><strong>44</strong></span> <span class='ocrx_word' id='word_1_200' title='bbox 666 3003 770 3063; x_wconf 76' lang='lat' dir='ltr'><strong>insula</strong></span> <span class='ocrx_word' id='word_1_201' title='bbox 798 3011 828 3065; x_wconf 83' lang='lat' dir='ltr'><strong>et</strong></span> <span class='ocrx_word' id='word_1_202' title='bbox 857 3001 939 3069; x_wconf 80' lang='lat' dir='ltr'><strong>eirca</strong></span> <span class='ocrx_word' id='word_1_203' title='bbox 972 2999 1164 3081; x_wconf 74' lang='lat' dir='ltr'><strong>Magnesiam</strong></span> 
     </span>
     <span class='ocr_line' id='line_1_28' title="bbox 114 3099 860 3190; baseline -0.008 -24"><span class='ocrx_word' id='word_1_204' title='bbox 114 3104 272 3190; x_wconf 83' lang='lat' dir='ltr'><strong>plurimae</strong></span> <span class='ocrx_word' id='word_1_205' title='bbox 293 3099 359 3160; x_wconf 84' lang='lat' dir='ltr'><strong>eiua</strong></span> <span class='ocrx_word' id='word_1_206' title='bbox 378 3102 500 3180; x_wconf 73' lang='lat' dir='ltr'><strong>generis</strong></span> <span class='ocrx_word' id='word_1_207' title='bbox 520 3102 644 3164; x_wconf 80' lang='lat' dir='ltr'><strong>arborea</strong></span> <span class='ocrx_word' id='word_1_208' title='bbox 664 3101 860 3183; x_wconf 85' lang='lat' dir='ltr'><strong>proveniant</strong></span> 
     </span>
    </p>

    <p class='ocr_par' dir='ltr' id='par_1_7' title="bbox 114 3189 1246 3496">
     <span class='ocr_line' id='line_1_29' title="bbox 200 3189 1162 3288; baseline -0.005 -23"><span class='ocrx_word' id='word_1_209' title='bbox 200 3195 274 3274; x_wconf 83' lang='grc' dir='ltr'><strong><em>Διὸς</em></strong></span> <span class='ocrx_word' id='word_1_210' title='bbox 292 3194 424 3288; x_wconf 69' lang='grc'><strong>(14114444</strong></span> <span class='ocrx_word' id='word_1_211' title='bbox 440 3210 486 3262; x_wconf 88' lang='grc'><strong>444</strong></span> <span class='ocrx_word' id='word_1_212' title='bbox 504 3219 619 3262; x_wconf 82' lang='lat' dir='ltr'><strong>nomeu</strong></span> <span class='ocrx_word' id='word_1_213' title='bbox 641 3212 798 3269; x_wconf 83' lang='grc'><strong>4444444444</strong></span> <span class='ocrx_word' id='word_1_214' title='bbox 818 3189 1032 3279; x_wconf 69' lang='lat' dir='ltr'><strong>Theophrasto,</strong></span> <span class='ocrx_word' id='word_1_215' title='bbox 1053 3200 1162 3263; x_wconf 88' lang='lat' dir='ltr'><strong>admo-</strong></span> 
     </span>
     <span class='ocr_line' id='line_1_30' title="bbox 115 3297 1162 3383; baseline -0.008 -13"><span class='ocrx_word' id='word_1_216' title='bbox 115 3310 191 3370; x_wconf 87' lang='lat' dir='ltr'><strong>dum</strong></span> <span class='ocrx_word' id='word_1_217' title='bbox 219 3300 432 3364; x_wconf 59' lang='lat' dir='ltr'><strong>familiare.⁰⁹</strong></span> <span class='ocrx_word' id='word_1_218' title='bbox 472 3301 553 3364; x_wconf 67' lang='lat' dir='ltr'><strong>Aliis</strong></span> <span class='ocrx_word' id='word_1_219' title='bbox 579 3299 763 3362; x_wconf 81' lang='lat' dir='ltr'><strong>diciturne</strong></span> <span class='ocrx_word' id='word_1_220' title='bbox 788 3297 962 3381; x_wconf 78' lang='lat' dir='ltr'><strong>iuglane70,</strong></span> <span class='ocrx_word' id='word_1_221' title='bbox 1000 3300 1105 3360; x_wconf 81' lang='lat' dir='ltr'><strong>aliie</strong></span> <span class='ocrx_word' id='word_1_222' title='bbox 1087 3317 1162 3383; x_wconf 83' lang='grc'><strong>4444</strong></span> 
     </span>
     <span class='ocr_line' id='line_1_31' title="bbox 114 3392 1246 3496; baseline -0.002 -31"><span class='ocrx_word' id='word_1_223' title='bbox 114 3400 300 3496; x_wconf 67' lang='lat' dir='ltr'><strong>avellanai¹</strong></span> <span class='ocrx_word' id='word_1_224' title='bbox 346 3402 485 3464; x_wconf 82' lang='lat' dir='ltr'><strong>Galenus</strong></span> <span class='ocrx_word' id='word_1_225' title='bbox 511 3421 586 3462; x_wconf 87' lang='grc'><strong>4444</strong></span> <span class='ocrx_word' id='word_1_226' title='bbox 617 3400 795 3482; x_wconf 82' lang='lat' dir='ltr'><strong>iuglandem</strong></span> <span class='ocrx_word' id='word_1_227' title='bbox 815 3392 929 3485; x_wconf 77' lang='grc'><strong>44444444</strong></span> <span class='ocrx_word' id='word_1_228' title='bbox 955 3394 1173 3487; x_wconf 74' lang='grc' dir='ltr'><strong>714σὼ446444</strong></span> <span class='ocrx_word' id='word_1_229' title='bbox 1243 3433 1246 3442; x_wconf 49' lang='lat'><strong>.</strong></span> 
     </span>
    </p>
   </div>
   <div class='ocr_carea' id='block_1_5' title="bbox 113 3496 663 3585">
    <p class='ocr_par' dir='ltr' id='par_1_8' title="bbox 113 3496 663 3585">
     <span class='ocr_line' id='line_1_32' title="bbox 113 3496 663 3585; baseline -0.02 -13"><span class='ocrx_word' id='word_1_230' title='bbox 113 3509 288 3576; x_wconf 80' lang='grc'><strong>4441144444</strong></span> <span class='ocrx_word' id='word_1_231' title='bbox 308 3496 449 3580; x_wconf 61' lang='lat' dir='ltr'><strong>nominor</strong></span> <span class='ocrx_word' id='word_1_232' title='bbox 468 3502 611 3585; x_wconf 88' lang='grc'><strong>44441144.</strong></span> <span class='ocrx_word' id='word_1_233' title='bbox 619 3496 663 3542; x_wconf 57' lang='lat'><strong>⁷²*</strong></span> 
     </span>
    </p>
   </div>
   <div class='ocr_carea' id='block_1_6' title="bbox 114 3610 325 3680">
    <p class='ocr_par' dir='ltr' id='par_1_9' title="bbox 114 3610 325 3680">
     <span class='ocr_line' id='line_1_33' title="bbox 114 3610 325 3680; baseline -0.024 0"><span class='ocrx_word' id='word_1_234' title='bbox 114 3610 325 3680; x_wconf 71' lang='grc' dir='ltr'><strong>.Ξ.........</strong></span> 
     </span>
    </p>
   </div>
   <div class='ocr_carea' id='block_1_7' title="bbox 114 3749 1154 4090">
    <p class='ocr_par' dir='ltr' id='par_1_10' title="bbox 151 3749 966 3818">
     <span class='ocr_line' id='line_1_34' title="bbox 151 3749 966 3818; baseline -0.014 -11"><span class='ocrx_word' id='word_1_235' title='bbox 151 3749 544 3816; x_wconf 68' lang='grc'><strong>64164444.4.6.1.444.14.</strong></span> <span class='ocrx_word' id='word_1_236' title='bbox 652 3751 966 3818; x_wconf 71' lang='grc' dir='ltr'><strong>63)4414441414.γ,474.</strong></span> 
     </span>
    </p>

    <p class='ocr_par' dir='ltr' id='par_1_11' title="bbox 150 3819 834 3886">
     <span class='ocr_line' id='line_1_35' title="bbox 150 3819 834 3886; baseline 0.012 -14"><span class='ocrx_word' id='word_1_237' title='bbox 150 3826 274 3886; x_wconf 70' lang='grc'><strong>444444</strong></span> <span class='ocrx_word' id='word_1_238' title='bbox 292 3837 317 3881; x_wconf 90' lang='lat'><strong>7.</strong></span> <span class='ocrx_word' id='word_1_239' title='bbox 338 3840 361 3873; x_wconf 86' lang='lat' dir='ltr'><strong>e.</strong></span> <span class='ocrx_word' id='word_1_240' title='bbox 383 3833 442 3882; x_wconf 73' lang='grc'><strong>444.</strong></span> <span class='ocrx_word' id='word_1_241' title='bbox 546 3819 667 3875; x_wconf 63' lang='lat' dir='ltr'><strong>emmo</strong></span> <span class='ocrx_word' id='word_1_242' title='bbox 685 3833 711 3878; x_wconf 84' lang='lat'><em>9</em></span> <span class='ocrx_word' id='word_1_243' title='bbox 729 3837 756 3879; x_wconf 82' lang='lat' dir='ltr'><strong>r·</strong></span> <span class='ocrx_word' id='word_1_244' title='bbox 774 3822 834 3879; x_wconf 79' lang='lat'><strong>6⁶9·</strong></span> 
     </span>
    </p>

    <p class='ocr_par' dir='ltr' id='par_1_12' title="bbox 114 3888 1154 4090">
     <span class='ocr_line' id='line_1_36' title="bbox 148 3888 1154 3956; baseline -0.006 -16"><span class='ocrx_word' id='word_1_245' title='bbox 148 3894 196 3956; x_wconf 86' lang='grc'><strong>66)</strong></span> <span class='ocrx_word' id='word_1_246' title='bbox 213 3895 252 3939; x_wconf 86' lang='lat' dir='ltr'><strong>De</strong></span> <span class='ocrx_word' id='word_1_247' title='bbox 276 3893 366 3951; x_wconf 71' lang='lat' dir='ltr'><strong>probis</strong></span> <span class='ocrx_word' id='word_1_248' title='bbox 389 3906 532 3952; x_wconf 76' lang='lat' dir='ltr'><strong>pramaque</strong></span> <span class='ocrx_word' id='word_1_249' title='bbox 555 3889 627 3937; x_wconf 82' lang='lat' dir='ltr'><strong>atim.</strong></span> <span class='ocrx_word' id='word_1_250' title='bbox 651 3889 753 3945; x_wconf 76' lang='lat' dir='ltr'><strong>tuccia,</strong></span> <span class='ocrx_word' id='word_1_251' title='bbox 780 3903 807 3947; x_wconf 76' lang='lat' dir='ltr'><strong>p.</strong></span> <span class='ocrx_word' id='word_1_252' title='bbox 834 3899 894 3947; x_wconf 73' lang='lat'><strong>773.</strong></span> <span class='ocrx_word' id='word_1_253' title='bbox 948 3888 1019 3940; x_wconf 78' lang='lat' dir='ltr'><strong>Ptin.</strong></span> <span class='ocrx_word' id='word_1_254' title='bbox 1048 3892 1094 3944; x_wconf 78' lang='lat'><strong>15,</strong></span> <span class='ocrx_word' id='word_1_255' title='bbox 1112 3892 1154 3941; x_wconf 81' lang='grc'><strong>45.</strong></span> 
     </span>
     <span class='ocr_line' id='line_1_37' title="bbox 114 3966 732 4090; baseline -0.013 -11"><span class='ocrx_word' id='word_1_256' title='bbox 114 3966 324 4087; x_wconf 28' lang='lat' dir='ltr'><strong>mamad,</strong></span> <span class='ocrx_word' id='word_1_257' title='bbox 342 4041 365 4076; x_wconf 89' lang='grc'><strong>4.</strong></span> <span class='ocrx_word' id='word_1_258' title='bbox 385 4037 413 4086; x_wconf 80' lang='grc'><strong>4,</strong></span> <span class='ocrx_word' id='word_1_259' title='bbox 520 4022 658 4090; x_wconf 70' lang='lat' dir='ltr'><strong>63)Lo.</strong></span> <span class='ocrx_word' id='word_1_260' title='bbox 730 4019 732 4027; x_wconf 91' lang='lat'>&#39;</span> 
     </span>
    </p>
   </div>
   <div class='ocr_carea' id='block_1_8' title="bbox 147 4089 1052 4295">
    <p class='ocr_par' dir='ltr' id='par_1_13' title="bbox 147 4089 1052 4295">
     <span class='ocr_line' id='line_1_38' title="bbox 147 4089 1052 4157; baseline -0.007 -11"><span class='ocrx_word' id='word_1_261' title='bbox 147 4101 193 4157; x_wconf 87' lang='lat'><strong>69)</strong></span> <span class='ocrx_word' id='word_1_262' title='bbox 213 4097 272 4145; x_wconf 85' lang='lat' dir='ltr'><strong>Lib.</strong></span> <span class='ocrx_word' id='word_1_263' title='bbox 293 4106 317 4149; x_wconf 74' lang='grc'><strong>4.</strong></span> <span class='ocrx_word' id='word_1_264' title='bbox 341 4111 365 4144; x_wconf 90' lang='grc'><strong>4.</strong></span> <span class='ocrx_word' id='word_1_265' title='bbox 382 4105 407 4151; x_wconf 76' lang='lat'><strong>3.</strong></span> <span class='ocrx_word' id='word_1_266' title='bbox 430 4109 470 4143; x_wconf 85' lang='grc' dir='ltr'><strong>ιο.</strong></span> <span class='ocrx_word' id='word_1_267' title='bbox 571 4094 616 4151; x_wconf 88' lang='grc' dir='ltr'><strong>7ο)</strong></span> <span class='ocrx_word' id='word_1_268' title='bbox 632 4092 740 4141; x_wconf 73' lang='lat' dir='ltr'><strong>Dioclen</strong></span> <span class='ocrx_word' id='word_1_269' title='bbox 757 4089 827 4152; x_wconf 82' lang='lat' dir='ltr'><strong>apud</strong></span> <span class='ocrx_word' id='word_1_270' title='bbox 843 4091 941 4138; x_wconf 79' lang='lat' dir='ltr'><strong>Athen.</strong></span> <span class='ocrx_word' id='word_1_271' title='bbox 959 4102 990 4146; x_wconf 84' lang='lat' dir='ltr'><strong>a,</strong></span> <span class='ocrx_word' id='word_1_272' title='bbox 1010 4099 1052 4149; x_wconf 71' lang='lat'><strong>42·</strong></span> 
     </span>
     <span class='ocr_line' id='line_1_39' title="bbox 147 4159 734 4224; baseline -0.002 -13"><span class='ocrx_word' id='word_1_273' title='bbox 147 4175 191 4224; x_wconf 78' lang='lat'><strong>7¹)</strong></span> <span class='ocrx_word' id='word_1_274' title='bbox 206 4168 353 4215; x_wconf 78' lang='lat' dir='ltr'><strong>Hermoaax</strong></span> <span class='ocrx_word' id='word_1_275' title='bbox 369 4174 395 4209; x_wconf 84' lang='lat' dir='ltr'><strong>et</strong></span> <span class='ocrx_word' id='word_1_276' title='bbox 412 4159 573 4212; x_wconf 80' lang='grc'><strong>’44444441444144</strong></span> <span class='ocrx_word' id='word_1_277' title='bbox 590 4161 628 4210; x_wconf 85' lang='lat' dir='ltr'><strong>ib.</strong></span> <span class='ocrx_word' id='word_1_278' title='bbox 649 4172 673 4208; x_wconf 85' lang='lat' dir='ltr'><strong>c.</strong></span> <span class='ocrx_word' id='word_1_279' title='bbox 690 4167 734 4222; x_wconf 81' lang='grc'><strong>44.</strong></span> 
     </span>
     <span class='ocr_line' id='line_1_40' title="bbox 148 4229 717 4295; baseline -0.012 -14"><span class='ocrx_word' id='word_1_280' title='bbox 148 4229 676 4295; x_wconf 72' lang='grc'><strong>74)(141444.414444.411444.4.4.6449.</strong></span> <span class='ocrx_word' id='word_1_281' title='bbox 712 4268 717 4274; x_wconf 74' lang='grc'><strong>,</strong></span> 
     </span>
    </p>
   </div>
   <div class='ocr_carea' id='block_1_9' title="bbox 0 0 1414 5009">
    <p class='ocr_par' dir='ltr' id='par_1_14' title="bbox 0 0 1414 5009">
     <span class='ocr_line' id='line_1_41' title="bbox 0 0 1414 5009; baseline 0 6"><span class='ocrx_word' id='word_1_282' title='bbox 0 0 1414 5009; x_wconf 95' lang='lat' dir='ltr'><strong> </strong></span> 
     </span>
    </p>
   </div>
  </div>
 </body>
</html>
