2817 5009
266 430 331 499 244
534 426 745 482 uramur
768 422 1040 480 Arozroamor

270 584 405 665 ῥοφητοῦ
424 578 509 652 δίδου
530 585 653 660 φαγεῖν,
686 571 853 661 ἢθεῒον”
830 599 950 662 απυρον
970 571 1099 691 ὅμοιἐσς,
1131 568 1315 661 ν’ὶτῆλιν·,’1
1295 600 1316 658 η

271 675 431 757 ύσσιυπον,
452 709 471 765 η
456 677 631 766 “μλήχανα
649 702 704 763 μετ
707 673 944 762 ’ὀξυκράτου
930 672 1047 762 εψύσσς
1067 676 1151 742 δίδου
1172 684 1249 740 πιεῖν
1262 667 1316 756 νύ·

271 806 348 849 στει
366 812 386 867 η
372 781 505 857 ε’λαίας
517 780 618 862 ᾳύλλα
632 806 683 844 και
677 774 812 862 δάφνης
823 775 925 864 κόψας
945 805 998 844 και
990 771 1139 853 λειαλσας
1158 774 1212 851 δὸς
1226 785 1316 850 πιεῖν,

270 909 291 962 7
291 878 436 967 πρισΐάς
459 878 586 969 κυχλ.’
558 908 598 960 7.
631 879 698 956 Τὰς
717 880 749 945 δὲ
766 877 840 963 μετὰ
861 883 1061 964 ῥευματισμοῦ
1076 877 1195 944 πολλοῦ
1210 873 1320 956 ὠφελεῖ

271 980 370 1069 ἆρρὸς
393 987 514 1060 ἰ’ππειος
539 980 611 1066 μεθ’
635 978 827 1067 ἡμικστυλίου
849 979 960 1056 delusae
986 977 1151 1064 πινόμενος.
1196 974 1262 1053 Τὰς
1283 973 1317 1043 66

271 1082 404 1170 σφοδρὰς
424 1083 576 1160 ἔκπτύσεις
602 1087 634 1150 ἐν
652 1093 717 1158 τοῖς
744 1087 875 1170 βρχικοῖς
904 1080 1013 1163 ὠφελεῖ
1040 1080 1121 1158 οἶνος
1147 1084 1180 1147 ἐν
1209 1077 1317 1172 asili-y

270 1187 413 1277 μλυφείσῃ
433 1181 691 1270 διανυκτερεύσας,
735 1186 787 1250 καὶ
817 1180 970 1269 διδόμενος
989 1181 1070 1249 κατὰ
1090 1180 1147 1257 τὰς
1166 1178 1318 1254 ἐπιτάσεις

270 1291 326 1370 τῆς
344 1284 451 1375 βρχὸς·
475 1292 583 1366 alamus
605 1286 637 1352 δὲ
657 1285 882 1371 λαμβανέσθω,
910 1285 962 1349 καὶ
979 1284 1081 1362 ὀλίγος
1101 1281 1152 1349 διὰ
1171 1282 1226 1369 τὴν
1250 1281 1317 1365 δρι-

271 1384 403 1472 μύτητα·
431 1384 542 1468 ὠφελεῖ
559 1387 611 1452 κοιλ
633 1384 702 1463 ὅξος
724 1385 871 1453 σκίλλινον
894 1381 1187 1470 καταρῤοφούμενον.
1223 1380 1316 1448 ’Άλλο

213 1545 221 1571 ,
271 1485 409 1576 βηχικύν·
430 1492 505 1554 πᾶσι
521 1487 554 1554 δὲ
567 1498 631 1563 τοῖς
644 1485 846 1574 βήττουσιν(
829 1484 927 1572 αρμόζ
926 1512 949 1551 ει
968 1481 1116 1573 βούτυρον
1136 1510 1211 1568 μετα
1199 1480 1318 1602 pela-

271 1615 323 1666 τος
342 1591 394 1655 καὶ
413 1593 537 1671 κυμίνου
555 1592 701 1675 βραχέως·
724 1595 831 1674 ἕψεται
850 1586 932 1654 δὲ
900 1613 938 1654 το
952 1585 1103 1674 βούτυρον
1122 1584 1187 1652 ἶσον
1201 1589 1246 1669 τῷ
1260 1584 1318 1667 με’-

271 1691 342 1768 λιτι,
357 1716 413 1756 του
399 1681 572 1776 πλῆθους
576 1714 632 1755 τσυ
618 1676 764 1774 μέλιτος
777 1690 1047 1812 προαφριζομένου,
1060 1688 1112 1752 καὶ
1128 1682 1209 1752 ούτον
1224 1708 1318 1771 προς-

271 1789 464 1880 βάλλεται
432 1815 470 1855 το
492 1786 630 1876 κύμινον
649 1802 733 1858 ποιεῖ
750 1788 783 1857 δὲ
798 1794 889 1856 τοῦτο
909 1791 961 1854 καὶ
979 1791 1030 1855 επὶ
1050 1791 1211 1871 φθισικῶν.

355 1953 388 2015 Κ
393 1975 448 2036 sp.
486 1946 544 2035 λβ.
604 1944 810 2034 Ἐκλειχόμενα
840 1946 873 2014 δὲ
907 1946 1015 2029 ὠφελεῖ
1041 1948 1219 2032 δρυκοντίου
1250 1945 1318 2032 diga

273 2044 357 2133 ἔσθι’]
376 2049 452 2136 μετὰ
470 2050 608 2133 μέλιτος,
648 2047 809 2134 ἀμύγδαλα
838 2046 931 2131 πικρὰ
952 2045 1018 2132 μετ’
1043 2047 1237 2130 ἐλελισούκου
1259 2043 1317 2111 σύν

272 2149 369 2236 μέλιτι
389 2145 621 2237 θερμαινόμενα·
653 2147 671 2232 'l
692 2146 833 2236 θύμβραν,
862 2148 1061 2235 ἢύσσωπον,
1079 2147 1099 2234 ἢ
1119 2146 1239 2235 στοιχὰς
1260 2146 1317 2212 σύν

272 2250 382 2338 μιλιτι·
424 2247 623 2339 λινόσπερμον
643 2249 725 2319 λεῖον
746 2248 803 2319 σύν
825 2250 895 2340 ἴριδι
914 2253 966 2318 καὶ
985 2248 1107 2340 καρύοις
1126 2261 1243 2338 πἰκροῖς
1264 2247 1318 2314 καλ

273 2509 350 2572 vino
377 2483 492 2570 ieitluis
520 2508 609 2590 potui
637 2509 727 2584 dato,
766 2520 820 2572 aut
841 2510 1013 2571 arsenicum
1035 2530 1104 2571 cum
1125 2529 1185 2570 ovo
1202 2487 1317 2567 borbili

274 2609 437 2683 exhibeto,
467 2619 520 2670 aut
541 2592 673 2688 sulphur
695 2610 804 2670 vivam
831 2612 926 2671 simili
948 2612 1050 2672 modo.
1097 2613 1159 2672 Aut
1185 2608 1317 2666 foenum

186 2726 189 2734 '
267 2727 436 2792 *graccum
460 2708 624 2788 hyssopum
647 2720 699 2768 arat
719 2710 890 2791 pulegium,
913 2731 951 2769 ex
972 2732 1063 2791 posca
1083 2709 1261 2789 decoquito,
1285 2716 1317 2763 ct

274 2809 382 2869 ieiuno
403 2808 575 2888 propinato.
619 2811 698 2868 Aut:
725 2811 812 2868 oleae
832 2812 971 2890 laurique
993 2810 1070 2868 solia
1096 2821 1163 2869 tusa
1182 2809 1317 2885 tritaque

274 2910 373 2970 tribus
392 2903 550 2966 matutinis
571 2917 694 2967 ternum
723 2909 928 2970 cochlearium
953 2931 1097 2969 mensura
1120 2908 1207 2989 potui
1231 2906 1314 2965 dato.

275 3010 403 3080 Tuscae,
426 3026 591 3084 quaecum
612 3007 788 3067 vehementi
810 3020 880 3068 sunt
902 3010 1095 3086 defluxione,
1116 3009 1203 3066 iuvat
1225 3005 1316 3083 equi-

275 3091 316 3167 na
335 3127 444 3186 spuma
465 3116 538 3186 pota
556 3126 625 3165 cum
648 3127 745 3187 aquae
767 3109 896 3170 dimidia
916 3110 1052 3170 hemina.
1102 3105 1228 3167 Validas
1244 3085 1318 3166 'tus-

200 3206 214 3216 '
274 3207 429 3267 aientium·
455 3208 665 3266 excreationes
693 3203 819 3268 adiuvat
854 3211 964 3271 vinum
992 3213 1024 3268 in
1059 3219 1203 3268 excavata
1229 3204 1318 3264 scilla

274 3318 472 3388 pernoctem
497 3307 639 3366 relictam
662 3317 691 3366 et
716 3319 844 3388 urgente
863 3309 937 3370 tussi
960 3308 1151 3368 exhibitum:
1176 3316 1317 3366 sumatur

275 3426 352 3467 vero
372 3428 430 3486 per
449 3407 611 3465 cannulam
642 3416 672 3464 et
698 3409 839 3486 parciore
861 3413 1048 3489 quantitate,
1087 3419 1214 3488 propter
1234 3404 1317 3466 acri-

275 3507 427 3565 moniam:
447 3506 569 3565 confort
590 3516 619 3563 et
641 3516 761 3566 acetum
782 3510 938 3568 scillinum
960 3509 1145 3588 absorptum.
1200 3505 1317 3567 Omni·
1348 3545 1353 3558 ·

275 3604 333 3664 bus
353 3627 447 3685 porro
469 3605 667 3664 tussientibus
687 3609 833 3666 convenit
848 3609 992 3687 butyrum
1015 3629 1085 3667 cum
1112 3607 1246 3666 melleet
1260 3626 1318 3665 cu·

276 3704 356 3764 mini
379 3705 508 3785 exiguo:
552 3707 695 3784 coquitur
726 3726 801 3766 vero
831 3707 976 3787 butyrum
1006 3707 1131 3789 aequali
1148 3707 1318 3786 quantitate

276 3824 346 3863 cum
368 3806 460 3865 melle
480 3804 567 3887 prius
588 3805 786 3885 despumato,
818 3808 1004 3886 tandemque
1025 3809 1184 3867 cuminum
1205 3805 1318 3865 adiici-

275 3912 342 3964 tur:
363 3903 424 3965 boc
443 3926 539 3986 genus
558 3904 690 3966 remedii
712 3907 803 3966 etiam
826 3907 989 3988 phthisicis
1010 3890 1190 3989 opitulatur.

358 4044 445 4125 Gap.
457 4043 595 4107 XXXII.
634 4047 721 4106 Haec
740 4065 816 4108 vcro
831 4046 966 4107 dolincta
985 4047 1111 4108 iuvant:
1133 4049 1317 4111 dracunculi

165 4191 169 4196 ,
273 4142 364 4203 radix
386 4156 472 4204 cocta
494 4166 564 4205 cum
584 4147 696 4215 melle,
726 4145 903 4224 amygdalae
929 4167 1050 4208 amarae
1071 4169 1141 4208 cum
1161 4149 1262 4212 salvia
1280 4151 1321 4211 isa
1403 4159 1404 4162 ’

273 4243 368 4301 melle
387 4244 591 4306 fervefactos:
633 4245 796 4323 thymbra,
818 4245 985 4326 hyssopus,
1012 4259 1066 4308 aut
1084 4248 1221 4309 stoechas
1241 4270 1317 4314 oum
1402 4305 1403 4312 ,

270 4341 380 4400 mella:
408 4362 515 4404 semen
535 4345 595 4406 lini
611 4344 721 4407 tritam
741 4365 813 4407 cum
832 4345 913 4407 iride
920 4386 931 4420 ,
958 4347 1129 4440 amygdalis
1147 4349 1261 4410 amaris
1284 4360 1320 4412 et
1402 4421 1403 4428 ρ
