2817 5009
265 389 330 464 ast
377 469 380 480 ¹
534 381 537 386 ·
581 349 1019 455 constupuimus*

173 587 175 594 ,
266 564 379 629 susque
398 514 578 605 str'obiliuae
596 531 746 624 qualitate
764 507 1046 623 dsat'calanustt,
1065 537 1226 611 ¹veritatem
1247 550 1313 613 luu-

264 650 316 710 ius
336 643 442 708 asserti
462 642 580 717 fatens,
597 641 634 703 si
655 637 853 726 quis'sinloic
872 646 912 707 de
931 656 995 708 tota
1013 648 1179 712 substantia
1200 653 1312 732 loqua—
1334 645 1348 658 ”

263 759 326 812 tur.
366 741 487 823 Quodsi
507 761 583 807 vero
603 743 643 804 de
662 745 776 806 caloris
795 747 893 827 gradu
913 767 1015 810 sermo
1035 736 1312 825 fuerit,‘strobili·

262 870 335 912 uum
356 847 458 908 calore
478 844 669 927 principem,
707 847 874 910 secundm
894 847 1080 926 abietinam,
1112 851 1311 912 lentiscinaur

232 929 235 938 ¹
261 959 447 1035 postremam
467 944 660 1024 pronunciat.

232 1117 235 1124 ¹
346 1046 422 1128 Cup.
441 1044 541 1108 XCII.
600 1043 736 1108 Resiuse
762 1045 860 1123 aliae,
896 1069 972 1131 quus
991 1051 1052 1111 iam
1083 1050 1309 1113 terebinthina

262 1163 423 1222 vocamus,
443 1157 530 1206 sunt:
560 1140 589 1207 1.
602 1145 814 1226 terebinthina
834 1150 1091 1230 argentoratensis
1111 1173 1129 1213 e
1149 1150 1234 1211 Piuu
1254 1149 1309 1231 pi-

262 1271 334 1326 ceas
371 1250 401 1312 2.
425 1244 636 1306 terebinthina
661 1256 772 1307 veneta
793 1267 811 1307 e
830 1248 912 1310 Pinu
931 1252 1058 1326 Larice,
1078 1270 1169 1333 quam
1190 1270 1209 1308 e
1229 1250 1311 1310 Gal·

260 1353 307 1412 lia
324 1347 487 1430 subalpina
510 1344 671 1428 exportari
700 1357 786 1408 recte
806 1348 1034 1412 animadvertit.
1095 1351 1243 1411 Resinam
1265 1370 1309 1410 ex

115 1465 119 1472 '
152 1459 154 1463 ’
259 1451 311 1520 his
330 1450 441 1510 siccam
463 1446 691 1530 Colophonium
710 1456 799 1508 vocat
806 1487 817 1524 ,
843 1471 861 1509 e
882 1447 1065 1531 Colophone
1084 1470 1199 1512 nomen
1219 1449 1309 1510 deri·

260 1571 346 1613 vans.
410 1547 484 1607 Fuit
503 1557 606 1606 autem
627 1544 792 1627 Colophon
820 1549 970 1629 oppidum
990 1551 1122 1626 Ioniae,
1147 1550 1308 1632 Apollinis

259 1649 358 1716 (ilarii
386 1647 512 1707 oraculo
539 1644 709 1728 antiquitus
737 1645 912 1724 celebrem,
938 1650 992 1711 sed
1019 1652 1178 1712 Strabonis
1206 1660 1306 1711 aetate

259 1752 323 1812 iam
344 1747 526 1808 obsoletum.
536 1742 569 1785 ⁹⁸
625 1747 805 1812 ·Utebantur
830 1749 915 1810 forte
940 1752 1112 1811 sacerdotes
1132 1771 1170 1811 ea
1189 1751 1306 1824 resina,

259 1862 297 1913 ut
316 1868 443 1910 accensa
461 1847 640 1930 praestigias
660 1848 817 1916 facerent,
847 1850 972 1910 flamma
994 1851 1130 1912 colorata
1150 1862 1305 1912 terrorem

258 1951 442 2012 iniicientes.
492 1947 750 2009 Terebinthiuam
771 1968 847 2008 vero
868 1951 1017 2031 optimam
1038 1962 1155 2024 censet,
1184 1972 1265 2031 quac
1285 1973 1305 2010 e

257 2054 342 2113 Pinu
362 2050 458 2111 Pinea
479 2059 511 2110 et
535 2049 571 2110 P.
591 2049 705 2111 Abieta
726 2039 857 2129 (ἐλάτη)Υ
872 2050 906 2110 in
924 2051 1052 2131 Pityusa
1072 2053 1175 2112 insula
1194 2051 1305 2131 gigua-

257 2163 320 2213 tur.
360 2150 449 2210 Hacc
470 2149 573 2210 insula
593 2150 655 2209 iam
678 2148 782 2209 Yviza
803 2147 987 2229 appellatur.

340 2247 544 2330 CapxclV.
582 2249 694 2313 Koisor
716 2249 787 2309 dici·
798 2249 899 2329 picem
918 2250 1080 2331 liquidam,
1100 2247 1304 2312 memorabile
1359 2301 1364 2318 ,

256 2362 310 2413 est.
332 2350 460 2424 Hincet
476 2350 607 2430 καινίζειν
625 2362 657 2413 et
671 2348 903 2425 nrucomsttus,
918 2341 993 2440 pice
1011 2355 1172 2433 inungere,
1188 2372 1303 2414 πισσο-

255 2443 398 2535 ιιώνητος,
421 2453 494 2530 pice
517 2467 647 2528 unctus,
673 2462 705 2513 et
724 2442 891 2526 ἆκώιιτοι,
910 2446 1078 2534 deduntur,
1098 2451 1189 2513 haud
1202 2456 1302 2531 pica-

255 2569 327 2624 tus,
350 2549 433 2634 quod
454 2554 631 2614 ultimum
620 2575 654 2614 sn
675 2563 782 2614 nostro
801 2573 893 2634 saepe
905 2553 1033 2616 obvium
1045 2551 1301 2678 perperamscri·

253 2656 371 2742 bitur
360 2675 394 2714 ιιι
416 2648 643 2717 editionibus'
624 2649 771 2717 usdrsror

338 2755 412 2833 Gap.
433 2753 530 2816 XCV.
582 2758 633 2816 De
652 2750 829 2819 πισσιλαίου
847 2749 1021 2831 significatu
1040 2751 1192 2814 differunt
1211 2762 1300 2814 vete·

254 2877 314 2918 res.
355 2854 499 2933 Namque
519 2854 696 2916 Galenus
685 2876 721 2915 ιιι
740 2854 815 2917 Asia
842 2853 965 2920 minore
984 2853 1091 2914 vocari
1110 2852 1298 2935 permixtam

253 2976 324 3017 cum
348 2955 418 3013 oleo
439 2953 541 3033 picem
563 2955 713 3036 liquidam
735 2943 925 3027 πισσθκιιοι,
949 2963 1200 3036 supernatantem
1220 2950 1297 3013 vero

251 3055 316 3138 pici
336 3050 474 3134 liquidae
501 3053 684 3131 humorem,
721 3055 777 3137 qui
804 3054 931 3115 tenuior
956 3054 997 3114 sit
1016 3054 1082 3135 ipss
1103 3063 1134 3115 et
1153 3054 1297 3128 debilior,

154 3203 159 3216 .
252 3146 473 3225 ntuuoirdoc.⁰⁹
534 3156 705 3231 Ultimum,
738 3177 758 3218 a
776 3150 942 3235 nsuuelos‘qr
969 3153 1160 3214 Dioscuridis
1176 3154 1297 3213 etiam-

251 3278 328 3318 num
348 3255 524 3331 diversum,
562 3267 713 3319 nostrates
745 3257 903 3339 appellant
919 3253 1030 3334 gellen
1051 3254 1164 3343 fluor,
1197 3253 1297 3337 Angli

251 3357 412 3419 uobiscum
435 3368 503 3427 tar,
533 3356 619 3418 Galli
636 3359 799 3439 goudror‘r,
829 3355 900 3417 Itali
915 3365 1058 3414 carrume.
1101 3353 1298 3415 Dioscuridis

249 3478 328 3519 vero
354 3451 530 3519 nterii-usos
555 3467 601 3519 est
628 3458 859 3526 Theerwasser,
886 3454 988 3536 quod,
1024 3455 1198 3534 Berkeleyo
1222 3474 1298 3515 sua-

251 3558 361 3632 dente,
389 3567 455 3617 arte
477 3557 670 3632 confectum,
700 3558 858 3638 quondam
878 3576 1020 3638 magnam
1041 3554 1205 3637 acquisivit
1224 3553 1297 3615 lau·

249 3657 321 3719 dum
341 3656 376 3715 in
405 3656 550 3717 curandis
575 3657 733 3718 diuturnis
757 3657 891 3731 morbis,
927 3645 1110 3737 praesertim
1137 3655 1295 3728 scorbuto,

247 3760 337 3839 lepra
356 3765 388 3816 et
409 3754 684 3817 exanthematibus.
693 3755 739 3799 ¹⁰⁰
766 3758 851 3819 Idem
872 3765 919 3816 est
937 3754 1080 3818 infusum
1098 3755 1188 3839 picis,
1208 3755 1296 3838 quod

249 3851 435 3942 ὄῤῥοπίσσης
455 3858 584 3918 nomine
605 3858 732 3920 Paullus
752 3855 975 3918 commendan¹

246 3985 458 4010 ψ·-

282 4045 327 4103 96)
344 4045 384 4089 Dc
399 4055 515 4102 compos.
531 4041 599 4089 saed.
616 4057 666 4095 sec.
682 4057 741 4105 geu-
760 4052 784 4097 ὅ.
802 4058 829 4102 p.
849 4049 907 4103 590.

282 4115 327 4170 97)
340 4111 422 4156 Tacit
442 4123 503 4156 sun.
522 4122 552 4164 ι,
571 4117 614 4171 64.
716 4115 759 4171 96)
776 4112 838 4160 Lib.
859 4121 899 4169 ι4
915 4125 942 4171 p.
960 4115 1020 4171 643

280 4185 326 4238 99)
344 4180 384 4223 De
401 4190 516 4236 compos.
534 4179 628 4226 medtc.
640 4193 689 4227 sec.
707 4181 782 4231 locs,
804 4194 828 4226 ι.
821 4195 869 4239 .p.
882 4187 942 4237 44¹·

284 4246 345 4306 roo)
361 4246 506 4304 Berkclcy's
523 4246 603 4300 Siris,
625 4259 656 4295 or
673 4247 803 4307 inquiries
823 4248 987 4306 concaming
1003 4245 1048 4293 the
1066 4241 1167 4294 virtues
1185 4239 1219 4294 of
1235 4253 1293 4289 tlt·

247 4324 339 4363 water.
359 4312 445 4361 Luna
465 4320 542 4373 ι744
558 4322 584 4368 3.
740 4321 769 4372 ι)
784 4315 846 4363 Lib
862 4323 889 4369 ὅ.
906 4328 1003 4376 psas.
