2817 5009
232 381 698 451 rnorosoomoau.
749 357 1010 460 urci-eoo.
1082 396 1147 472 485
1205 397 1221 424 ”

33 511 38 538 ’
93 527 205 606 luteis,
231 530 383 594 coccineis
408 533 564 618 (puniceis
590 539 682 599 ctiam
704 553 736 602 et
754 543 857 619 albis.)
897 544 1004 605 Altera
1025 548 1141 628 species

93 632 192 711 magis
211 629 348 705 hirsuta,
376 635 502 709 elatior,
534 637 683 699 foliorum
706 640 1028 722 incisuris'pluribus,
1061 667 1140 725 qnae

61 745 74 752 ‘
91 731 127 791 in
149 731 293 791 Sardinia
312 733 463 806 abundet,
491 745 535 798 est
555 738 594 797 R.
616 740 840 819 lonzginosum
869 761 961 821 qnam
984 752 1015 802 et
1036 745 1138 804 Mori·

90 831 156 892 sius
176 830 210 890 in
232 830 377 893 Sardinia
396 830 562 894 indicasti
611 839 750 900 Tertiam
778 840 911 920 speciem
939 840 1136 923 Sibthorpius

89 930 184 992 lrabet
203 933 242 991 li.
262 935 468 1006 morientum,
491 934 639 996 Graeciae
660 939 858 1000 familiarem.
907 940 1025 1017 Quarta
1045 940 1134 999 deni·
1168 946 1175 960 ²

90 1052 172 1111 que,
202 1031 269 1092 solo
288 1031 368 1092 flore
395 1033 495 1095 lacteo
517 1033 712 1116 insignitam,
742 1037 824 1098 idem
846 1047 953 1106 auctor
974 1039 1071 1098 credit
1090 1041 1132 1105 R.

89 1134 279 1213 aquatilem:
300 1131 353 1191 sed
374 1133 444 1193 albo
464 1132 543 1193 flore
561 1135 667 1216 plures
687 1137 817 1224 subesse*
828 1147 970 1218 possunt,
991 1160 1020 1199 e.
1041 1158 1071 1219 g.
1092 1139 1132 1198 R.
1216 1209 1220 1216 ,

89 1231 247 1310 ulJJestrie,
264 1231 465 1310 rutoesolins,
487 1237 716 1315 aconitisoliue.

155 1323 248 1413 'Cap
277 1328 398 1391 CCVII.
456 1325 637 1419 Ἀνεμώνην,
672 1355 781 1398 rocem
809 1335 950 1417 profecto
977 1356 1128 1417 graecam,

86 1431 241 1515 originem
261 1429 376 1492 habere
395 1451 436 1493 ex
455 1429 573 1517 ἀνέμῳ,
596 1429 818 1516 'lexicographi
846 1432 966 1504 veteres
994 1455 1127 1498 consen·

85 1536 179 1594 tiunt.
218 1532 329 1612 Neque
350 1539 517 1608 avocamur
536 1537 579 1598 ab,
598 1557 635 1596 ea
660 1534 811 1596 sententia
838 1535 942 1596 Roscii
970 1536 1127 1616 etymolo-

84 1626 153 1719 gia',
179 1632 234 1714 qui
252 1631 406 1694 arabicam
434 1635 673 1717 appellationem
701 1654 867 1694 anemonas
900 1648 984 1719 0⁶³⁰
1012 1619 1126 1709 &Q

83 1733 242 1810 (acbkiok
271 1723 411 1812 neman>
431 1734 493 1796 hue
518 1736 624 1797 trahit.
632 1731 667 1792 4⁴
695 1749 750 1799 nur
769 1731 946 1807 Ebraeisct
971 1751 1023 1825 μιν
1043 1743 1125 1800 Ara·
1208 1809 1211 1820 α

81 1833 174 1896 bibus
211 1832 320 1913 utique
363 1834 538 1915 iracundum
577 1857 642 1906 ease
679 1835 842 1917 signifieat.
905 1839 967 1900 Sed
1009 1822 1125 1912 disi-e
1167 1849 1172 1860 “

40 1987 51 2004 ,
82 1934 147 1994 fuit
165 1954 279 2015 nomen
299 1937 387 1995 aviae
408 1936 564 2009 Noemau,
599 1936 681 2016 regis
702 1937 858 2011 Arabum,
894 1940 976 2018 quod
996 1942 1036 2001 ad
1056 1941 1124 2002 bel·

80 2035 150 2095 lum
169 2034 298 2107 liorem,
324 2036 469 2110 Camusio
492 2045 585 2109 teste,
605 2036 737 2098 transiit.
779 2038 846 2096 Stat
865 2055 938 2118 ergo
958 2039 1123 2118 inconeus-

79 2156 115 2195 sa
136 2154 247 2221 graeca
264 2134 362 2216 origo.
417 2136 571 2196 Punicum
597 2155 713 2196 nomen
732 2127 890 2226 χούφφους
909 2139 977 2199 sine
996 2143 1121 2221 negotio

81 2252 143 2320 *gan
166 2235 301 2313 radicem
321 2236 356 2296 iu
378 2237 559 2296 memoriam
579 2249 719 2312 revocat,
738 2233 834 2317 ¹quae
853 2250 982 2317 gratnm
1007 2240 1120 2324 hebere

80 2321 118 2399 ae
136 2335 307 2408 iucundum
327 2336 494 2417 signifieat,
533 2337 616 2406 unde
635 2338 783 2408 videntur
802 2337 893 2417 Tyrii
913 2349 967 2412 aut
988 2340 1122 2401 Cartha·'

79 2439 222 2528 giuenses
241 2440 311 2515 vnit,
332 2436 573 2510 iucunditatem,
599 2437 816 2497 amoenitatem
837 2436 941 2511 floris,
961 2438 1118 2499 formasse.

162 2542 240 2601 Tres
260 2547 362 2599 auteur
383 2538 499 2617 speeies
518 2539 694 2597 Anemoncs
714 2546 951 2611 enumerantur,
985 2559 1118 2617 quarum

77 2640 180 2721 prima
199 2652 244 2700 est
263 2632 370 2722 ἥμερος
379 2682 390 2710 ‚
412 2640 448 2698 Α.
469 2641 632 2722 coronario
651 2638 707 2714 L.;
735 2639 831 2698 altera
849 2632 959 2719 ἀγρία,
984 2643 1022 2699 Α.
1041 2640 1118 2714 σῷαί,-

78 2742 147 2821 loto
165 2743 254 2801 Lam.
261 2781 271 2814 ,
312 2739 403 2797 tertia
426 2737 513 2797 foliis
532 2737 769 2816 nigricantibus,
806 2759 885 2818 quae
905 2742 942 2799 Α.
961 2760 1119 2824 nenmroso

79 2817 261 2921 Sibthorpio
282 2838 415 2901 ridetur.
457 2837 630 2897 Secundam
656 2837 730 2898 dein
759 2837 880 2918 egregie
907 2859 925 2897 a
951 2839 1119 2920 Papaveris
1144 2903 1151 2911 ‚

75 2942 254 3023 speciebus,
287 2928 442 3022 oipysnoiry
463 2946 494 2997 et
511 2929 629 3020 ροιάᾶι,
661 2937 839 3019 distinguit,
867 2946 902 2998 ut
924 2938 963 2998 ad
983 2939 1119 3006 saturio-

59 3062 145 3114 .rem
166 3044 341 3101 Anemoues
361 3039 514 3112 colorem,
535 3038 576 3098 ad
596 3038 823 3120 praecociorem
841 3036 951 3110 liorem
967 3048 1060 3120 atquc
1076 3038 1116 3099 ad

75 3141 233 3202 defectum
254 3138 353 3199 laticis
375 3139 505 3198 colorati
526 3139 689 3200 eonsilium
712 3138 886 3199 transierat.
1129 3189 1133 3214 ,

160 3237 233 3321 Cap·
263 3237 397 3305 ccvlll,
438 3230 607 3324 Ἀργιμώγη
634 3249 679 3299 est
704 3242 854 3318 Popovsr
869 3237 1046 3318 Argennon?
1064 3237 1115 3320 L,

74 3342 210 3420 capsulis
231 3341 358 3406 clavatis
378 3340 527 3421 hispidis,
553 3329 631 3399 flore
650 3338 801 3420 puniceo,
840 3338 927 3398 foliis
946 3337 1116 3418 bipinnati·

73 3441 145 3510 fidis
165 3440 492 3518 lineari-lanceolatia.

158 3540 378 3600 Adulterinnm
398 3561 462 3600 csse
483 3539 521 3614 de
540 3539 636 3599 altera
665 3539 840 3621 Argemone
861 3537 1114 3609 additamentum,

73 3641 227 3702 Marcello
255 3641 389 3704 libenter
416 3641 544 3718 largior:
589 3661 708 3720 neque,
748 3660 898 3720 quaenam
930 3637 970 3697 sit
998 3636 1113 3718 planta,

73 3751 215 3798 constare
233 3750 348 3820 potest,
375 3760 445 3799 cum
466 3739 552 3800 omni
574 3740 779 3823 descriptione
799 3752 907 3820 carcat.¹
967 3737 1043 3797 Tria
1062 3756 1114 3796 ar-

71 3841 214 3920 gemonia
233 3862 353 3921 genera*
373 3840 475 3901 faeere
495 3842 671 3916 Romanos,
707 3841 828 3922 Plinius
848 3848 994 3921 testatur,
1013 3917 1015 3922 Ι
1032 3856 1112 3915 qno-

72 3960 145 3999 rum
168 3940 304 4020 primnm
325 3954 370 4000 est
388 3942 443 4000 illa
463 3962 633 4013 anemone,
661 3961 740 4028 quae
764 3960 926 4021 perperam
947 3954 1113 4024 argentone

70 4041 265 4122 appellatam
297 4041 467 4103 secundum
494 4063 660 4124 argemone
685 4034 803 4123 ipoa⁴b
838 4039 985 4110 tertium,
1019 4053 1112 4116 quarn

106 4231 153 4282 45)
170 4226 256 4273 Motis
274 4227 351 4287 stirp.
368 4228 434 4275 sard.
454 4229 556 4277 elench.
578 4243 603 4281 s.
621 4246 647 4291 p·
666 4236 690 4281 S.

105 4302 153 4356 ot)
171 4296 260 4356 Etym·
281 4310 333 4357 seg.
351 4312 378 4357 p.
399 4306 456 4352 131.
478 4306 534 4352 ian.
636 4303 680 4359 45)
698 4294 759 4345 Lib.
778 4299 827 4348 25,
847 4294 891 4349 66.
