2817 5009
278 305 1037 386 1uo1oscon1oaur1sa-1sr.
1116 312 1180 384 sor
1249 407 1252 414 f

122 465 244 544 Dolilio
264 473 358 542 teste5
376 484 436 544 per
455 481 580 548 omnem
601 462 777 546 Aegyptum
809 475 857 540 ct,
886 477 922 525 ut
942 464 1086 543 videtur,
1116 489 1176 551 per

121 570 222 652 ipsam
235 554 442 647 <Aethiopiam
460 564 532 625 satis
553 573 626 626 sunt
643 565 798 646 vulgares.

203 669 291 731 Haec
311 686 384 746 ergo
406 675 451 727 est
478 649 586 739 arbor,
625 686 706 745 quaa
735 665 893 729 lacrimam
924 666 1013 728 illam
1032 667 1175 749 largitur,
1259 717 1261 726 ,

120 757 215 851 apuam
245 780 276 830 et
303 788 375 829 cum
404 767 593 827 scammonia
620 774 651 826 et
679 786 752 828 cum
780 766 976 827 ammoniaco
1005 751 1173 850 comparat,

118 880 228 931 nostra
245 878 343 930 aetate
370 867 463 949 plane
492 867 662 948 ignotam·
703 867 842 928 Arabum
864 877 968 928 tamen
989 879 1087 932 aetate
1106 868 1173 934 usi·

118 979 217 1031 tatem
235 968 353 1041 fuisse,
373 975 458 1048 patet
478 986 495 1026 e
516 966 697 1047 Serapionis
717 966 936 1048 descriptione.
946 965 978 1008 ⁰²

202 1086 278 1166 Cap.
301 1083 429 1145 CXLII.
489 1083 763 1198 Additamentum,
801 1082 885 1164 quod
906 1085 994 1145 codd.
1014 1071 1171 1176 rindoho·
1225 1113 1230 1120 ·

115 1204 228 1250 nenses
246 1186 371 1259 habent,
391 1179 546 1268 αεότρητα,
565 1175 715 1273 stirpare
726 1184 893 1266 legendum
909 1194 940 1244 et
959 1206 1062 1246 recens
1083 1198 1168 1246 sacto

116 1287 302 1350 vertendum
324 1306 388 1345 esse
408 1296 495 1368 puto.

200 1404 277 1485 cap.
295 1403 421 1480 CXLV.
465 1396 513 1464 Τὰ
530 1397 684 1480 κάστανα,
704 1413 759 1466 sut
780 1393 939 1476 scordam,
959 1413 1013 1465 aut
1032 1398 1089 1477 τὰς
1109 1425 1168 1466 κα..

3 1565 4 1570 ,
98 1503 243 1578 ‘ateriae
264 1524 379 1566 uomcn
402 1504 593 1586 accepisses
614 1504 797 1580 Castanide‚
834 1525 913 1584 quae
934 1504 1100 1586 plurimam
1116 1504 1169 1584 gia

112 1613 189 1686 goat
225 1625 332 1666 carum
366 1625 483 1666 nucum
521 1605 663 1687 copiam,
706 1607 769 1666 iam
805 1605 963 1668 Nicander
999 1606 1113 1666 docuit.
1134 1600 1166 1646 ⁰³

112 1710 202 1776 Duas
244 1706 337 1766 urbes
374 1705 553 1766 scholiastes
596 1708 756 1780 nominat,
790 1707 917 1765 alteram
956 1706 991 1765 iu
1028 1706 1165 1767 Thessa·

111 1806 174 1882 lia,
216 1808 346 1866 alteram
371 1789 407 1866 in
433 1805 549 1866 Ponto:
586 1805 667 1865 circa
695 1816 859 1885 utramque
889 1805 1045 1866 abundare
1066 1815 1165 1866 casta·

109 1928 196 1994 areasr
252 1906 465 1968 Thessalicum
492 1905 643 1987 oppidum
664 1914 696 1994 ct
715 1900 935 1966 Herodotus⁰⁴
963 1897 994 1965 et
1014 1901 1163 1967 Strabo⁰⁸

108 1999 321 2071 Κασθαναίαν
339 2007 487 2067 scribunt.
529 2006 630 2066 Situm
653 2005 687 2068 id
709 2016 775 2068 erat
793 2008 827 2066 in
848 2027 904 2067 ora
920 2006 1076 2081 maritima
1091 2008 1164 2066 Ma-

109 2109 234 2188 gnosiae
242 2149 252 2183 ‚
290 2118 321 2166 ct
341 2107 398 2166 sub
419 2106 508 2165 Pelio
529 2119 652 2180 monte,
688 2105 772 2165 iuter
791 2106 978 2165 Meliboeam
1001 2115 1031 2166 ct
1052 2106 1163 2186 Sopia-

111 2211 152 2272 da
169 2204 431 2290 promontorium.
458 2207 509 2265 De
529 2208 654 2287 pontica
674 2200 846 2268 Kouross'ds
866 2204 948 2265 nihil
967 2205 1140 2279 innotescit.

147 2303 332 2370 Alteram
353 2306 613 2402 appellationem,
648 2304 806 2388 σαρδιαναὶ
829 2296 981 2391 βάλανοι,
1022 2306 1160 2379 Galenus
1245 2353 1247 2355 ψ

108 2433 129 2473 a
150 2403 297 2470 Sardibus
317 2391 438 2485 Lydiae
460 2407 591 2468 derivat.
600 2401 633 2446 ⁰⁶
683 2409 731 2466 Eo
751 2408 847 2485 magis
863 2418 965 2465 autem
982 2404 1074 2470 fidem
1092 2426 1161 2466 me-

108 2489 215 2583 retiis,
237 2526 307 2567 cum
328 2505 429 2585 patria
450 2506 580 2582 Galerii,
600 2507 804 2588 Pergamum,
826 2507 881 2566 vix
902 2504 1079 2585 quingenta
1095 2515 1159 2572 sta-

110 2613 163 2674 dia
195 2605 361 2688 (tredecim
395 2605 545 2667 milliaria
571 2607 762 2686 germanica)
797 2628 816 2670 a
845 2603 993 2678 Sardibus
1024 2604 1158 2666 distaret.

107 2697 207 2777 Addit
228 2708 381 2778 Galenus,
401 2705 544 2767 lencenas
565 2727 688 2787 quoquo
708 2706 861 2787 appellari
883 2727 899 2764 a
919 2703 1085 2778 Loncenis,
1107 2704 1157 2764 lo-

70 2830 75 2841 ·
106 2819 146 2875 e'o
169 2809 303 2892 quodam
325 2805 399 2866 Idae
418 2807 540 2866 montis.
583 2809 663 2868 Satis
683 2806 821 2888 vulgaris
842 2814 887 2864 est
907 2804 1074 2883 appellatio
1096 2825 1157 2865 nu-⁴

89 2893 152 2976 =cis
171 2905 337 2981 euboicae,
358 2899 474 2991 καρύόυ
495 2902 651 2993 tripolitae,
672 2918 739 2971 tum
754 2907 787 2972 in
804 2904 1019 2986 Theophrasto
1027 2901 1067 2978 ⁰⁷,
1088 2914 1155 2965 tom

105 3015 142 3076 iu
169 3011 331 3074 Athenaeo
347 3005 396 3082 ὅθ,
437 3009 511 3089 quia
537 3010 571 3072 in
601 3031 637 3070 ea
657 3009 760 3071 insula
788 3018 819 3071 et
847 3006 929 3075 circa
963 3005 1154 3086 Magnesiam

105 3113 262 3200 plurimae
283 3108 349 3169 cius
368 3110 490 3189 generis
510 3110 634 3172 arbores
655 3107 850 3190 proveniant.

190 3204 264 3283 Διὸς
283 3203 415 3298 βάλανος
431 3220 476 3274 ost
495 3228 609 3268 nomeu
631 3219 788 3276 castaneae
808 3195 1024 3285 Theophrasto
1043 3206 1152 3268 admo-

105 3319 181 3380 dum
209 3312 375 3374 familiare.
390 3308 423 3352 00
463 3308 544 3371 Aliis
569 3307 733 3368 dicitur
709 3328 753 3366 sic
779 3305 953 3386 ruglans
908 3303 939 3345 ⁷⁰
990 3305 1096 3365 aliis
1077 3323 1153 3388 rpsa

105 3415 255 3506 avellana.
263 3409 291 3452 ⁷¹
337 3410 475 3471 Galenus
502 3429 577 3471 vero
607 3406 786 3489 iuglandem
806 3398 920 3491 κάρυον
945 3399 1101 3493 βασιλικόν
1120 3409 1163 3469 et'
1230 3423 1237 3446 ³

103 3519 280 3586 anchariam
299 3504 439 3588 nonestis
459 3510 602 3593 appellat.
610 3503 640 3562 ⁷2

104 3619 315 3690 ..L-..-

142 3759 187 3825 fial
206 3769 291 3825 δοται).
309 3778 334 3814 c.
354 3771 379 3818 6.
397 3762 419 3812 f.
438 3776 493 3816 rsa
508 3764 535 3814 b.
643 3759 696 3825 63)
711 3758 834 3818 Alexlph
851 3774 880 3810 v
897 3771 957 3820 syr.

142 3840 187 3895 66)
205 3835 265 3886 Lib
283 3845 308 3890 7
328 3826 658 3891 o.133.65)1.ih
676 3841 701 3885 9.
720 3844 747 3885 p.
766 3828 825 3886 669.

140 3903 187 3966 66)
204 3906 243 3947 De
267 3902 357 3961 probis
381 3900 523 3960 pravisque
546 3897 618 3945 slim.
643 3896 744 3951 succis,
771 3910 798 3955 p.
825 3905 886 3954 ⁷78·
938 3894 1010 3946 Plio
1039 3897 1085 3949 15,
1104 3897 1146 3946 st.

106 3976 205 4021 Athen.
224 3983 255 4024 a,
272 3978 315 4026 46.

138 4038 314 4098 67)ιί1).6,
333 4045 403 4094 α.4.
511 4030 649 4097 63)me
721 4027 724 4034 ’

139 4112 184 4167 69)
204 4106 264 4154 Lib.
284 4114 309 4159 6.
332 4120 356 4152 α.
373 4113 398 4159 a.
421 4117 461 4152 so.
562 4102 607 4157 70)
624 4099 731 4148 Diocles
749 4097 819 4158 apud
834 4098 932 4145 Athen.
951 4109 982 4152 s,
1002 4105 1044 4162 ῃ.

139 4185 183 4233 7¹)
196 4178 344 4223 Hermonax
360 4184 386 4220 st
403 4167 564 4219 Tlmachidas
582 4169 620 4218 ib.
641 4180 665 4216 c.
682 4173 725 4231 4¹·

139 4250 185 4303 72)
203 4245 296 4290 Galsa,
311 4242 343 4288 de
360 4237 410 4287 fac.
427 4239 498 4292 adm.
520 4251 544 4288 a.
561 4251 588 4297 r.
608 4239 668 4296 609.
703 4275 709 4282 .
