2817 5009
238 424 293 490 ru
328 423 707 512 nroecoarnaru
749 417 1029 491 neree-113.
1095 425 1160 495 543

198 578 274 663 oap.
295 578 388 641 cxl.
421 572 566 652 Φυλλῖτις
589 576 658 639 sine
683 577 770 640 omni
797 577 892 640 dubio
919 587 966 641 est
995 579 1160 658 Scolopera·

115 682 224 745 sirium
254 681 456 761 officinarum
476 681 550 755 Sm,
588 678 676 755 filix,
705 680 794 741 caius
814 680 902 741 frona
930 679 1160 746 cordato-lan·

114 785 235 845 caelata
266 783 304 843 ab
334 800 442 842 aversa
466 763 554 861 parte
577 800 663 839 soros
690 780 883 861 capsularum
905 780 1038 842 lineares
1060 782 1159 863 gemi-

21 929 33 940 .
113 895 205 947 natos
225 883 322 964 gerit,
354 869 411 961 ¹qni
438 879 490 941 bic
516 879 681 943 vermiculi
706 888 814 941 tenues
840 880 985 942 distantes
1003 882 1159 943 dicuntur.

115 979 361 1063 Zsolonardps‘ou
388 979 516 1041 nornine
543 979 679 1041 occurrit
705 979 787 1060 apud
818 980 1106 1063 Theophrastum¹⁸
1127 993 1159 1047 et
1254 974 1262 986 '

114 1078 363 1149 Nicandrumffl:
406 1081 489 1143 forte
507 1078 600 1140 eliam
627 1076 779 1154 πεταλῖτις
806 1080 914 1143 eadem
941 1079 1034 1143 est²⁰
1073 1086 1158 1168 Mat-

111 1185 234 1249 thielae
257 1179 411 1267 primus²¹
438 1181 499 1243 hoc
527 1180 656 1252 nomine
687 1183 813 1265 plantae
840 1182 972 1266 effigiem
1004 1184 1157 1262 exhibuit,
1324 1181 1327 1188 ’

113 1286 321 1372 posteriorum
344 1302 505 1346 consensu.
1218 1305 1222 1311 ·
1256 1323 1263 1332 -

199 1384 272 1470 Cap.
292 1382 390 1445 CXII.
434 1376 630 1459 ostensor,
650 1376 838 1463 φαλαγγὶτης
853 1383 973 1466 Galeuo
993 1384 1109 1447 dictam
1118 1383 1158 1462 ²²,

115 1487 201 1572 qnod
222 1486 332 1548 morab
353 1505 371 1546 a
392 1482 565 1566 phalangiis
586 1486 765 1546 auxiliatur.
792 1483 914 1544 Plinius
934 1481 1034 1546 sic²³z
1054 1488 1159 1561 „Pbs-
1227 1523 1234 1532 ·

114 1589 247 1671 langilea
272 1607 291 1648 a
322 1585 505 1668 quibasdam
534 1583 725 1666 phalangion
752 1596 897 1652 vocatur,
933 1584 970 1644 ab'
992 1586 1061 1646 aliis
1085 1588 1156 1648 leu·
1254 1606 1263 1622 ³

114 1688 321 1764 cantbemon,
358 1685 412 1748 vel
431 1682 483 1765 (nt
500 1685 536 1746 in
557 1684 742 1766 quibusdam
764 1681 992 1764 exemplaribus
1011 1684 1158 1764 invenio)

114 1783 324 1852 leucacantha.
372 1784 500 1847 Ramnli
522 1785 553 1846 ei
572 1794 645 1847 sunt
665 1804 823 1866 nunquam
845 1784 1006 1865 pauciores
1025 1785 1157 1857 dnobus,

113 1892 151 1952 iss
172 1889 295 1950 diversa
313 1884 488 1947 tendentes:
508 1884 565 1946 ilos
585 1885 752 1959 candidas,
772 1883 843 1944 lilio
864 1882 958 1944 rubro
977 1881 1078 1964 (uude
1095 1887 1158 1949 hec

115 1990 289 2074 expiscatus
310 1981 400 2067 esti)
421 1985 553 2046 similist
572 1985 690 2049 semine
704 1984 812 2067 nigro,
832 1984 915 2059 lato,
935 1984 975 2045 ad
990 1985 1159 2046 lenticulae

111 2090 264 2154 dimidiae
284 2087 435 2171 figuram,
457 2085 557 2148 multo
575 2085 739 2148 tenuiore:
765 2084 870 2147 radice
889 2084 994 2162 tenui,
1013 2084 1158 2148 herbacei

112 2190 269 2255 coloris.“

197 2291 275 2352 Eam
307 2286 444 2369 plantam
476 2279 703 2347 Mattbiolus²⁴
732 2283 825 2347 babet
859 2273 1024 2372 Cfaakiam
1050 2285 1159 2347 Lilia·

114 2403 217 2453 atrum
241 2388 357 2450 Andre.
378 2385 618 2467 (Hemerocallis
635 2383 696 2468 L.)‚
724 2406 804 2467 quae
825 2395 929 2448 tamen
950 2408 1015 2449 non
1036 2403 1160 2451 ramosa·

115 2501 180 2566 eat,
215 2509 274 2551 nec
294 2489 446 2550 radiculas
466 2505 592 2570 parvas,
617 2499 726 2548 tenues
748 2487 856 2564 habet,
878 2488 932 2548 sed
952 2488 1159 2556 fasciculatast

115 2590 226 2655 erescit
254 2589 346 2650 etiam
375 2590 409 2650 in
431 2588 563 2671 Alpibus
589 2588 753 2650 helveticis
780 2597 811 2648 et
829 2589 960 2649 noricis:
1002 2608 1103 2671 neque
1122 2590 1157 2655 ἓν

113 2684 292 2772 γεωλόφοις.
346 2691 454 2753 valer.
478 2688 599 2751 cordas
626 2689 836 2750 Anthea-icum
864 2685 1060 2771 Liliaginim
1094 2690 1158 2754 bue

112 2794 229 2861 traxit,
260 2811 436 2872 quanquam
467 2801 499 2853 et
518 2788 579 2850 lroe
599 2809 663 2850 non
683 2809 841 2851 ramosum
861 2790 916 2866 sit,
952 2811 1010 2851 nec
1030 2789 1157 2853 fibrosaa

113 2896 228 2960 babeat
265 2890 411 2966 radices,
458 2889 513 2952 red
561 2889 761 2951 fasciculatas.
826 2891 1014 2952 Dodonaeas
1052 2890 1159 2973 legiti-

112 3013 202 3061 mum
222 2986 393 3072 φαλάγγιον
415 2989 451 3052 in
470 2989 643 3051 Arrtberr'co
667 3012 787 3050 ramoso
802 2991 839 3052 1.
859 2987 1037 3073 dispexit.²⁶
1062 2993 1159 3053 Prae·

112 3106 239 3181 pestere
269 3113 347 3156 vcro
375 3091 526 3152 indicarit
559 3090 775 3172 surruptas,
804 3092 880 3153 dum
910 3093 991 3154 banc
1019 3095 1157 3174 plantam

114 3196 156 3260 ad
182 3194 391 3259 Ancharianus
413 3211 564 3273 graecum
588 3193 629 3253 Ι..
654 3190 874 3282 reducerct²⁰‚
915 3194 999 3275 quod
1026 3194 1157 3256 bulbum

113 3297 210 3361 babet
236 3296 306 3357 loco
331 3293 443 3355 radicis
449 3333 460 3369 ,
491 3312 679 3374 scapumque
699 3293 890 3373 simplicem,
924 3312 1084 3371 nunquam
1103 3314 1158 3355 ra-

113 3416 246 3461 mosum.
878 3415 882 3420 ·

199 3496 274 3577 Cap.
299 3491 413 3556 CXIII.
471 3488 647 3577 Τρίφυλλον
674 3494 728 3556 hic
759 3504 823 3555 tam
852 3490 967 3554 eximie
1003 3491 1155 3553 describi-

113 3607 189 3666 tur,
229 3604 265 3657 ut
297 3614 390 3655 nemo
420 3615 484 3656 non
517 3596 618 3656 atatim
647 3595 831 3656 Psoroleom
865 3593 1085 3654 bituminosam
1114 3594 1153 3654 L.
1268 3655 1272 3669 ,

113 3694 286 3777 intelligat,
328 3715 407 3774 quae
434 3716 492 3776 per
519 3696 651 3758 Galliam
679 3694 863 3763 australem,
902 3694 1022 3756 ltaliam
1055 3695 1156 3754 Grae-

112 3796 256 3877 ciamque
281 3794 366 3856 haud
392 3815 465 3857 raro
494 3796 662 3859 invenitur.
686 3873 691 3881 ἱ
724 3795 840 3880 Eadem
868 3794 931 3856 iam
958 3816 978 3856 a
996 3792 1155 3856 Nicandro

113 3891 345 3960 describitur.²⁷
377 3896 541 3978 Agnorunt
554 3916 619 3956 eanr
637 3897 781 3979 plerique
796 3897 843 3958 rai
858 3897 1020 3958 herbariae
1035 3896 1155 3956 instau-

111 4011 325 4029 μ

152 4077 197 4130 17)
215 4070 283 4120 Hirr.
300 4073 338 4130 pl.
356 4085 389 4133 9,
410 4082 450 4130 ra.
538 4071 671 4135 19)‘l·lrcr.
693 4088 722 4123 r.
739 4075 799 4133 604.

151 4138 254 4202 so)1b,
274 4154 299 4188 r.
318 4141 378 4199 364.
487 4147 528 4198 aa)
544 4145 576 4189 1..
597 4155 621 4192 o.
640 4157 666 4203 p.
686 4142 749 4192 606.

150 4210 194 4263 ast
213 4209 253 4254 Da
271 4206 322 4257 fas.
341 4209 427 4268 simpl.
447 4221 471 4270 g.
497 4227 523 4270 p.
542 4221 597 4264 150.
700 4216 745 4264 as)
762 4208 823 4257 Lib.
844 4221 886 4270 ay,
902 4218 947 4274 93.

150 4276 197 4336 se)
213 4277 244 4323 L.
263 4289 287 4324 c.
304 4290 329 4336 p.
348 4278 406 4335 607.
504 4283 549 4335 ⁹5)
566 4281 598 4327 1..
615 4291 640 4329 e·
662 4293 689 4338 p.
711 4279 767 4326 rob.

149 4344 384 4405 s6)1?lor.graec.
405 4356 427 4396 s.
444 4361 471 4406 1»,
490 4355 549 4406 234.
660 4349 703 4406 ⁹7)
720 4347 794 4394 Ther.
813 4360 841 4395 r.
861 4351 921 4402 beo,
