2817 5009
202 427 210 431 .
266 382 317 460 ηρ
538 379 750 438 neaeman
767 347 1044 440 Aro‘zrroamov
1138 421 1145 456 ,

360 536 452 621 Κεφ.
472 528 507 604 έ.
547 532 650 620 [Περὶ
675 533 827 619 ἐφημέρου
848 532 911 621 ⁷³.]
956 539 1032 607 Τοῖα
1057 534 1091 604 δέ
1110 532 1148 603 τὸ
1173 530 1317 624 ἐφήμερον

276 638 437 729 λαβοῦσιν,
479 632 500 702 ὃ
519 636 591 703 ένιοι
612 633 750 721 κολχικὸν
769 633 914 701 καλοῦσιν
934 632 954 722 ἢ
973 636 1086 726 βολβὸν
1104 637 1228 724 ῦμριον,
1255 662 1319 719 στα·

185 741 191 752 ’
277 738 464 828 ρακολουθεῖ
481 735 610 823 κνησμὸς
629 732 708 803 καθ)
740 732 815 804 ὅλον
841 733 879 804 τὸ
900 741 990 824 σῶμα
1009 738 1058 817 ⁷⁴,
1094 735 1136 816 ὥς
1151 737 1215 807 ὑπὸ
1236 740 1319 805 σκίλ-

278 840 332 930 λης
357 838 377 927 ἢ
397 839 498 934 κνίδης
517 840 751 926 έρεθιζομένοις·
771 837 813 906 rit
832 836 867 905 dd
884 838 966 918 ἐντὸς
986 837 1222 909 decideremus·
1244 865 1321 905 καυ-
1390 845 1394 850 “

246 997 249 1002 .
278 946 405 1011 σοῦνται
422 940 456 1008 δὲ
476 939 531 1007 τὸν
551 936 700 1025 στόμαχον
727 937 802 1023 μετὰ
825 937 938 1029 βάρους
958 944 1066 1008 ῖκανοῦ
1077 958 1085 975 ·
1127 938 1321 1030 ἓπισχῦοντοα

277 1046 310 1113 δὲ
329 1048 386 1112 τοῦ
413 1033 555 1119 πάθους,
597 1041 678 1113 κατὰ
697 1042 814 1110 κοιλίαν
834 1045 957 1130 φέρεται
979 1037 1151 1127 αἱματώδη,
1189 1038 1323 1128 ξῦσμασι

275 1144 451 1236 μεμιγμένα·
498 1140 543 1220 οἷς
561 1142 751 1230 βοηθητέον,
792 1143 932 1234 καθάπερ
952 1145 1088 1221 καὶτοῖς
1108 1140 1323 1229 σαλαμέῦνῦραν

276 1241 448 1325 morundus,
487 1242 590 1309 διότι
609 1245 720 1327 ἐμέτων
739 1246 791 1311 καὶ
813 1245 1007 1331 κλασμάτων·
1046 1242 1109 1331 πρὸ
1130 1244 1164 1312 δὲ
1183 1249 1241 1312 τοῦ
1262 1246 1323 1312 ἐνι-

278 1346 386 1436 σχῦσαι
405 1341 443 1413 τὸ
464 1341 643 1429 (μα’ρμακον,
678 1347 859 1428 μεταδοτέον
880 1345 983 1423 αὐτοῖς
1004 1343 1094 1432 δρυὸς
1112 1352 1176 1414 τῶν
1196 1341 1323 1432 φύλλων
1377 1423 1379 1430 ¹

276 1448 297 1537 ἢ
318 1442 458 1538 βαλάνων
477 1442 499 1529 ἢ
523 1445 628 1513 σιδίων
648 1443 812 1534 ἆφὲψημα·
834 1447 854 1534 ἢ
874 1443 1025 1534 ἑρπύλλου
1045 1446 1102 1516 σῦν
1121 1448 1249 1529 μάλωιτι
1267 1453 1325 1528 πέ-

276 1575 354 1628 νειν,
379 1541 595 1634 ἢπολυμόνσυ
615 1544 723 1633 χυλὸν,
752 1541 931 1634 ἢᾶμστελσυ
951 1546 1141 1636 ἀκρεμόνων,
1172 1545 1326 1639 ἢβιέτου,

240 1641 242 1645 ⁸
278 1645 473 1739 ἢνῦρθηκοέ
492 1643 616 1715 ἁπαλοῦ
635 1650 689 1731 τῆς
715 1647 901 1737 έντεριώνης,
940 1647 1100 1736 ἢμῦρτσυ
1126 1649 1186 1736 μετ’
1216 1652 1324 1718 οἴνου·

88 1765 91 1772 “
198 1799 200 1804 >
242 1769 244 1772 ’
278 1750 414 1821 atrati
442 1748 483 1817 rit
506 1744 606 1838 μῦρτα
630 1747 696 1815 λεῖα
715 1754 847 1816 κοπέντα
874 1751 927 1817 καὶ
952 1749 1161 1839 ἆποβραχέντα
1179 1753 1213 1838 ἐν
1233 1750 1327 1819 ὕδατι

189 1937 193 1948 ¹
277 1856 405 1945 βοηθεῖ,
433 1854 489 1919 τοῦ
511 1853 543 1929 ἐξ
563 1848 663 1917 αὐτῶν
681 1848 778 1932 ὖμρσῦ
798 1850 1041 1941 λαμβανομένου·
1070 1860 1150 1920 ποιεῖ
1169 1850 1203 1920 δέ
1222 1848 1327 1932 deoti-

278 1979 340 2034 τως
361 1949 454 2022 aoid
482 1955 545 2019 reis
571 1951 739 2040 capricornis
757 1951 788 1998 ⁷⁵
817 1949 960 2041 βαλάνων
988 1952 1066 2043 tata
1092 1955 1203 2041 μέσος,
1240 1949 1327 2041 ὠμὸς

314 2146 360 2204 78)
379 2140 519 2196 Ordinem,
549 2150 582 2188 nt
598 2137 753 2196 confusum,
782 2151 883 2189 mutare
905 2141 997 2190 voluit
1014 2142 1137 2198 Cornan,
1166 2142 1327 2201 antepositis

279 2211 437 2261 animalibus
454 2207 579 2264 nocivis,
597 2222 663 2267 qnae
680 2220 836 2267 sequuntur.
871 2211 956 2260 Paulli
974 2213 1118 2269 exemplum
1140 2210 1260 2261 imitatur
1279 2226 1328 2258 es-

280 2294 346 2334 tem,
365 2279 413 2339 qul
430 2278 562 2348 meliorem
580 2277 698 2323 ordinem
718 2277 808 2331 habet,
841 2276 872 2323 ni
889 2289 916 2325 ct
933 2278 965 2325 in
982 2279 1072 2325 codena
1088 2280 1165 2339 plura
1183 2291 1269 2328 essent
1287 2292 1327 2327 ta·

279 2347 381 2408 xanda,
408 2356 433 2392 et
452 2341 554 2392 codices
570 2345 656 2390 nostri
674 2343 872 2404 reiragarentur.

313 2419 357 2482 74)
377 2409 472 2477 Στέμσ
492 2415 572 2473 tegere
586 2412 726 2458 metuito.
747 2411 844 2459 Hoffm.
861 2426 917 2461 var.
935 2414 996 2461 lect.
1021 2426 1044 2468 r,
1072 2425 1121 2473 ao,
1144 2411 1209 2474 quia
1225 2424 1253 2460 et
1277 2415 1327 2462 Nl·

193 2471 195 2474 ’
280 2473 375 2531 eander
392 2484 458 2528 alex.
477 2494 504 2536 v
522 2486 580 2532 250
601 2489 659 2535 251.
685 2491 711 2525 et
729 2480 884 2527 Scribonius
898 2482 996 2539 Largus
1020 2493 1076 2540 cap
1091 2447 1135 2527 di.
1155 2496 1184 2532 n
1205 2492 1266 2543 193.
1285 2483 1328 2531 ita

278 2552 385 2601 habent
419 2548 468 2594 sed
483 2558 629 2606 repugnant
645 2546 766 2603 codices,
784 2549 879 2597 Aetius
899 2560 926 2596 ct
942 2550 1064 2605 Paullus,
1088 2549 1137 2609 qui
1154 2550 1218 2598 haec
1237 2550 1273 2597 ad
1291 2551 1327 2599 u·

279 2630 359 2669 terrm
376 2614 617 2673 transscripserunt.

313 2692 360 2743 75)
378 2683 421 2730 sio
437 2682 574 2742 legendnm
592 2695 645 2729 erse
661 2691 760 2741 patete
776 2683 868 2732 Diosc,
887 2697 911 2739 1,
931 2690 999 2744 145:
1018 2673 1199 2772 σσρδσνίωνν.
1216 2680 1330 2753 σαρδον-

281 2754 344 2806 νέων
360 2753 454 2811 vulgos
472 2745 697 2816 capdlrtarl’autl,
791 2787 796 2794 .

362 2918 454 2998 Cap.
475 2915 516 2980 V.
558 2912 637 2998 [De
663 2913 851 2997 ephemera]
894 2915 1004 2979 Sumto
1025 2916 1209 2999 ephemero,
1235 2920 1331 3000 quod

281 3030 314 3083 et
330 3019 503 3079 colchicum
529 3025 583 3076 aut
609 3015 741 3078 balbum
768 3019 949 3099 sylvestrem
975 3019 1147 3101 appellant,
1181 3020 1332 3102 pruritus
1374 3061 1377 3066 ,

165 3163 175 3170 .
281 3140 340 3204 per
358 3127 458 3179 totum
481 3136 593 3196 corpus
613 3115 782 3190 excitatur,
813 3138 877 3178 non
897 3138 983 3179 secus
1003 3140 1039 3179 ac
1058 3119 1114 3193 iis,
1139 3139 1215 3199 qnos
1233 3121 1331 3183 scilla

282 3229 336 3281 ant
355 3216 455 3279 urtica
473 3215 663 3290 irritaverit,
683 3215 834 3278 interiora
853 3217 1034 3288 eraduntur,
1054 3218 1227 3280 stomachus
1248 3240 1331 3283 cnm

281 3315 400 3399 ingenti
419 3315 575 3397 gravitate
584 3326 749 3379 exaestuat.
768 3317 914 3379 Ceterum
929 3319 1136 3380 invalescente
1149 3319 1230 3379 malo
1246 3340 1331 3382 cru·

237 3415 244 3422 “
282 3424 354 3477 enta
375 3415 522 3476 ramentis
543 3416 641 3476 mixta
659 3436 717 3497 per
736 3418 843 3479 alvum
865 3406 1041 3499 egerantur.
1081 3421 1147 3480 Hos
1166 3439 1267 3500 aeque
1290 3429 1333 3484 ac

282 3532 351 3587 eos,
371 3513 426 3594 qui
445 3514 669 3577 salamandram
691 3516 871 3593 hauserunt,
893 3518 1114 3580 vomitionibus
1133 3539 1169 3578 ac
1189 3520 1333 3598 clystere

72 3635 81 3648 ‘
186 3675 193 3686 ,
231 3619 236 3628 ’
281 3611 430 3674 adiuvare
448 3617 583 3696 expedit,
602 3616 656 3676 sed
676 3627 838 3698 antequam
858 3638 1014 3679 venenam
1037 3619 1216 3692 invalescat,
1239 3620 1333 3683 dan·

281 3710 357 3773 dum
383 3710 424 3771 iis
450 3713 610 3777 decoctum
635 3715 796 3778 frondium
824 3737 954 3800 quercus
981 3727 1035 3779 aut
1056 3719 1236 3798 glandium,
1268 3734 1338 3787 ant'

281 3811 450 3888 malicorii,
491 3824 544 3875 ant
572 3817 742 3898 serpyllum
777 3838 817 3878 ex
852 3815 931 3878 lacte
958 3818 1200 3898 propinandum:
1243 3819 1334 3887 item

281 3909 389 3974 succus
409 3912 576 3995 polygoni,
597 3926 651 3977 ant
670 3918 876 3996 virgultorum
898 3916 972 3978 vitia
992 3918 1044 3978 vel
1062 3921 1150 3993 rubi,
1179 3931 1232 3982 ant
1253 3944 1336 3986 me-

282 4011 386 4086 dullae
406 4014 528 4075 ferulae
547 4024 687 4092 tenerae,
714 4026 768 4077 aut
787 4017 880 4097 myrti
901 4037 971 4077 cum
994 4017 1076 4078 vino.
1116 4020 1203 4101 Ipsae
1223 4042 1333 4102 porro

201 4167 205 4178 ,
275 4114 377 4192 ‹myrti
397 4114 506 4176 baccae
526 4126 612 4176 tnsae
636 4118 788 4196 tritaeque
813 4127 844 4177 et
863 4137 942 4197 aqna
968 4128 1138 4179 maceratae
1160 4140 1250 4201 opem
1275 4123 1336 4184 fe-

281 4222 376 4285 runt,
407 4214 481 4274 dnm
504 4214 618 4274 humor
639 4213 851 4296 (superfusus)
871 4228 1051 4278 assumatur.
1106 4219 1249 4280 Similem
1273 4225 1335 4285 ef-

282 4309 399 4374 fectum
419 4323 450 4374 et
468 4314 573 4376 tunica
594 4314 696 4376 media
713 4314 873 4397 glandium
891 4319 1104 4383 smdianmnm
1125 4319 1271 4404 praebet,
1301 4325 1336 4387 ai
