2817 5009
254 393 716 484 molossorum
756 403 813 466 ιν.
842 400 1018 490 ιιι-83.Ι
1097 413 1159 484 utt

100 566 212 619 noxa,
252 566 345 626 quam
366 546 466 624 asini,
507 550 588 613 muli
612 553 785 633 equiquee
805 539 954 617 foliorum
975 580 1031 622 esu
1051 566 1156 645 paroi-
1186 607 1189 614 ·
1229 621 1233 635 ,

98 647 208 727 piant,
229 646 322 714 adeo,
346 660 382 708 ut
402 660 433 709 et
454 650 613 711 Lucienus
633 651 700 711 eius
723 651 948 715 ιιιοιιιὶιιιιιί.89
1005 661 1174 725 Fueritue'

97 756 131 816 et
154 746 230 806 haee
250 746 344 806 arbor
359 748 448 807 lauro
471 747 582 810 similis
603 751 637 812 iu
656 752 775 813 Ariana
795 763 849 814 aut
871 754 1038 835 Gedrosia,
1058 785 1151 843 quam

96 847 243 907 iumenta
261 847 296 908 iu
317 846 490 908 Alexandri
511 852 651 912 exercitu
680 861 841 932 postquam
871 867 1063 938 gustassent,
1096 884 1151 923 co·
1199 911 1202 918 .
1239 899 1245 908 ·

93 945 212 1006 initiali
232 945 341 1006 morbo
362 956 504 1028 correpta
528 969 565 1009 ao
592 950 768 1032 spumantia
789 965 930 1014 emortua
949 955 1058 1036 sint⁰⁰‚
1086 960 1148 1023 du·
1199 1027 1202 1037 ⁴

93 1046 271 1108 bitaudum.
808 1075 812 1082 a

182 1144 258 1225 Cap.
279 1142 465 1204 LXXXIII.
506 1146 557 1205 De
573 1146 741 1228 fungorum
758 1149 928 1214 noxiorum
940 1156 993 1216 vel
1008 1106 1167 1224 edidinm.

93 1245 279 1310 discrimine
298 1243 467 1306 admodum
490 1264 598 1307 manca
621 1247 741 1325 profert
761 1252 802 1311 D.
823 1252 994 1335 Praecipue
1014 1275 1090 1316 vero
1111 1256 1146 1320 in

90 1346 201 1406 noxiis
222 1345 327 1406 adesse
346 1342 497 1419 intuerer
524 1337 671 1427 riosoidp,
708 1349 898 1428 glutinosum
926 1354 1088 1433 coagulum
1110 1358 1146 1420 in

90 1445 173 1526 pilei
201 1442 383 1523 superficie:
425 1446 509 1524 quod
540 1446 669 1505 omuino
704 1449 739 1507 in
761 1449 885 1529 Agarici
906 1454 1051 1514 muscarii
1079 1476 1147 1524 ιιι.

90 1544 211 1624 regali,
232 1543 266 1602 iu
287 1544 345 1623 ng.
366 1543 553 1623 pantheriuo
576 1545 688 1618 Cani„
724 1545 759 1606 in
781 1549 889 1608 Boleto
911 1549 1015 1611 lurido
1039 1555 1092 1617 Fr.
1112 1565 1145 1620 et
1218 1544 1224 1547 ’

49 1677 60 1690 κ
88 1644 124 1714 iu
146 1642 310 1703 nonnullis
337 1642 407 1701 aliia
433 1643 623 1704 observatur.
686 1644 747 1704 Sed
770 1657 801 1706 et
822 1648 928 1708 edules
949 1650 1038 1731 iungi
1053 1675 1143 1716 mon-

32 1733 40 1748 ’
89 1756 255 1823 nunquam
284 1738 470 1822 glutinosam
501 1740 616 1805 habeut
643 1744 719 1825 pilei
748 1746 961 1826 superficiem,
1005 1754 1142 1816 maxime

88 1842 204 1924 pluvio
226 1842 331 1915 coelo,
372 1842 524 1921 exemplis
554 1842 678 1921 Agariei
705 1844 839 1904 Prunuli
868 1845 969 1921 Pera,
1011 1851 1143 1913 eburnei
1173 1921 1180 1932 ⁸

87 1942 193 2015 uult„
231 1941 333 2000 Boleti
364 1941 472 2018 edulia¹
494 1952 524 2000 et
553 1941 726 2001 Fistulinae
756 1942 914 2023 hepatieaa
941 1948 993 2006 Fr.
1020 1947 1140 2013 Noxioa

86 2042 158 2102 fieri
180 2041 275 2100 etiam
298 2041 411 2121 fungos
433 2041 543 2113 tradit,
565 2040 639 2099 dum
663 2043 808 2119 proxime
829 2045 867 2102 ab
888 2045 1049 2108 arboribus
1072 2070 1141 2110 ore·

86 2150 183 2214 scant,
207 2161 284 2219 quae
299 2139 339 2200 iis
359 2140 541 2221 pravitatem
557 2139 719 2218 quamdam
733 2140 922 2222 impertiant.
965 2146 1042 2206 Eam
1063 2137 1138 2209 sen-

70 2231 218 2329 teutiam
240 2237 302 2298 iam
323 2248 496 2320 promserat
525 2235 741 2312 Nicander⁹¹‚
783 2261 835 2299 eos
855 2244 1002 2322 privatim
1025 2246 1138 2328 fungos

87 2343 238 2402 salutares
259 2338 436 2411 declarans,
470 2358 550 2417 quae
572 2357 672 2417 prope
693 2359 710 2398 a
733 2337 852 2400 ficubus
873 2343 1038 2404 creverint.
1071 2348 1138 2407 Ne·

88 2461 149 2521 que
177 2451 288 2499 tamen
315 2457 382 2495 eam
413 2437 594 2517 opinionem
623 2437 850 2525 defendendam
881 2462 945 2500 esse
981 2455 1135 2523 putamus,

87 2540 231 2624 quamvis
259 2538 294 2597 iu
320 2535 503 2622 uuiversum
535 2535 666 2613 fungi
655 2556 690 2594 ιιι
718 2513 957 2600 umbrosiasimis
953 2543 1135 2648 sylvarum

85 2640 163 2702 locis
185 2637 272 2698 obvii
293 2613 426 2715 suspecti
447 2634 518 2708 sint,
539 2635 574 2693 ni
595 2634 693 2694 noxii.

167 2739 277 2798 Vilam
307 2734 445 2794 habuere
467 2744 593 2793 veteres
625 2733 746 2802 eibum,
790 2735 844 2816 qui
870 2757 887 2795 e
916 2738 1020 2819 fungis
1046 2762 1136 2822 para-

86 2837 187 2903 tur.⁹²
231 2839 271 2898 Et
290 2851 465 2916 quanquam
485 2832 635 2913 Diphilus
657 2832 807 2912 Siphnius
827 2837 1000 2917 scripserat,
1023 2841 1135 2922 fungos

87 2942 134 3001 ori
161 2948 262 3018 gratos
290 2924 468 3015 (εὐστόμους
489 2932 511 2995 l.
535 2924 752 3014 εὐστομάχους)
782 2936 884 2994 aalide
914 2939 1054 3012 nutrire,
1087 2942 1135 3001 al-

84 3027 160 3103 vum
183 3051 287 3109 tamen
309 3054 520 3108 summovere,
559 3053 650 3113 aegre
670 3034 823 3113 concoqui
845 3046 875 3095 et
895 3036 987 3098 flatus
1008 3039 1135 3119 gignere

86 3139 202 3200 docuit.
245 3137 384 3197 Naturae
407 3133 561 3192 humanae
587 3133 759 3192 convenire
780 3144 902 3193 teneros
923 3146 954 3196 et
975 3137 1133 3200 friabilea:

14 3291 17 3304 ὁ
86 3240 192 3317 nigros
215 3235 378 3296 etlividoa
401 3230 613 3311 aequinocti
636 3229 852 3305 indurescant,
888 3253 952 3293 uon
980 3239 1133 3297 eonveni-

84 3334 165 3400 re⁹³
228 3336 364 3395 Galenus
386 3327 518 3416 βωλῖτας
539 3340 569 3391 et
589 3323 738 3410 ἇμονῖτας
757 3331 944 3411 distinguit,
961 3331 1050 3403 illei,
1072 3335 1133 3395 nisi

85 3438 272 3498 condiantur
302 3446 332 3492 et
363 3442 570 3514 apparentur,
616 3431 768 3512 insipidos
795 3449 878 3502 esse,
919 3441 954 3491 ut
981 3432 1131 3513 frigidum

84 3556 207 3617 quoque
237 3544 268 3593 et
304 3533 486 3612 pituitosum
518 3531 686 3610 praebeant
722 3524 955 3616 alimentum}⁸⁴
1017 3529 1134 3594 Suadet
1168 3607 1179 3630 ι

41 3679 62 3708 ,.
84 3635 175 3696 etiam
197 3635 266 3694 fere
287 3632 394 3691 eadem
417 3640 524 3690 contra
545 3629 657 3689 noxios
679 3629 854 3710 fungorum·
870 3631 1013 3702 eil'ectus,
1050 3653 1131 3711 quae

83 3736 117 3795 in
140 3748 247 3797 nostro
267 3731 409 3813 legimus.
465 3729 629 3812 Optimum
651 3739 755 3790 tamen
774 3738 920 3809 putamus
940 3731 1129 3811 praesidium
1217 3749 1225 3760 “

84 3866 291 3881 ——nn—

119 3955 162 4008 39)
178 3949 280 3995 Lucius
304 3961 325 3995 s.
347 3947 448 3995 Asinus
474 3958 498 3994 o
524 3958 565 4004 17.
591 3951 702 4005 p.159.
762 3934 879 3994 Tai’d
863 3962 894 4008 ην
917 3944 946 3994 lar
969 3948 1014 4006 τῆς
1039 3942 1128 4012 ‹lyplee

84 4013 151 4079 δάφν
139 4035 181 4098 rpc
199 4011 318 4079 φυόμενα
336 4010 433 4078 dido'
417 4018 473 4064 esai
461 4031 521 4076 ινο,
545 4008 616 4078 δοίφν
603 4030 647 4075 νην
667 4009 751 4075 αὐτὴν
769 4014 890 4062 salsurae
909 4010 1059 4094 liudpertus,
1079 4032 1127 4062 κο-

64 4091 66 4096 ·
85 4083 417 4166 κὸανροιοιονιονιο
434 4081 577 4133 παντὶκαὶ
595 4080 682 4146 iunco
707 4076 835 4145 pualyop
853 4097 900 4128 ror
918 4097 1038 4147 popone
1059 4077 1127 4131 rino·
1229 4117 1236 4132 ι

84 4147 207 4209 θνήσκειν
224 4146 298 4200 aista
302 4167 328 4198 u.
460 4154 507 4210 9⁰)
526 4150 618 4194 Strabo
642 4129 692 4195 lib.
709 4159 751 4202 as.
768 4164 795 4207 p
821 4156 877 4205 172.

117 4219 325 4279 91)Atlaen.e‚
344 4224 386 4275 57.
489 4223 533 4276 92)
553 4217 650 4263 Athen.
670 4226 702 4278 Ω,
728 4216 770 4266 56

116 4287 163 4352 93)
179 4287 276 4336 nmen
295 4293 321 4350 s,
340 4292 383 4343 69·
485 4251 921 4346 uulne'iae.alim.a.1r.655.

819 4363 917 4447 uqa
1011 4385 1020 4391 ·
