2817 5009
247 381 305 446 ιιι
328 343 703 452 ιιιοιοοιιιιιιιι
743 366 1006 458 usim-‘uu
1085 388 1149 462 ιιι

100 535 295 601 feminarum
307 530 447 595 ιιιιιΙίι.38
481 535 820 620 ‘illam'etymologiam
837 539 940 602 reiicit
958 541 1150 621 Bardaicus,
1178 527 1182 539 ⁵
1229 527 1233 540 ¹

98 638 186 720 quod
205 635 301 697 herbe
323 635 358 695 in
379 634 609 715 Hippocraticis
630 639 720 699 libris
741 640 991 716 commendetur,
1023 642 1150 725 Hippo-

98 748 200 799 crates
220 744 324 796 sotem
344 736 443 795 multo
464 736 631 797 Artemisia
651 738 804 820 posterior
824 739 873 799 sit.
914 741 1075 802 Mausolus
1088 763 1149 802 ou·

98 847 165 902 tem
188 836 276 910 obiit,
304 834 411 896 Plinio
437 832 561 913 teste³⁹,
583 838 761 920 olympiade
782 839 949 900 centesima
966 825 1068 916 serta,
1088 843 1149 902 itu·

98 958 163 1020 quo
185 936 298 1018 viginti
328 935 397 995 fere
427 956 525 1004 annos
549 947 619 1017 post
644 939 885 1019 Hippocratem,
912 925 1087 1002 Heraclidis
1107 940 1147 1001 fi-

73 1037 194 1122 dium.
234 1036 299 1096 Iam
327 1055 422 1109 pero,
451 1056 522 1097 cum
540 1034 612 1098 libri
632 1038 847 1118 Hippocratici
874 1038 913 1099 do
941 1053 1054 1102 natura
1073 1061 1145 1100 mu-

95 1130 233 1199 liebri⁴⁰
262 1145 293 1196 et
322 1134 363 1194 de
393 1131 509 1197 morbis
535 1132 741 1199 mulierum⁴¹
767 1138 823 1199 diu
851 1150 920 1219 post
947 1137 1146 1222 Hippocratis

95 1237 243 1305 obitum,
266 1243 297 1295 et
312 1235 516 1316 probabiliter
534 1236 785 1299 Ptolemaeorum
807 1239 998 1320 temporibus
1018 1260 1144 1302 conssr-

94 1334 195 1396 cinsti
215 1335 295 1409 siut,
324 1336 409 1397 selva
430 1356 495 1396 esse
516 1346 617 1418 potest
640 1358 676 1397 ea
695 1336 893 1425 etymologia

183 1433 306 1513 Quodsi
327 1456 404 1496 vcro
425 1436 618 1497 Dioscuridis
645 1436 830 1498 Artemisiae
850 1436 889 1496 ud
908 1447 1026 1499 nostros
1044 1435 1143 1499 redu·

94 1532 213 1595 rendae
233 1546 305 1594 sunt
325 1535 460 1616 species;
490 1539 593 1617 prima
613 1557 735 1598 ramosa
755 1536 923 1612 fruticosa,
944 1559 1022 1617 qnae
1041 1537 1142 1598 mari-

92 1635 173 1695 tima
201 1634 268 1694 loca
286 1643 377 1709 amat,
406 1645 436 1694 et
459 1636 545 1698 foliis
566 1636 678 1718 gaudet
709 1636 892 1711 maioribus,
919 1658 1011 1717 quam
1038 1638 1143 1698 absin·-

93 1733 199 1796 thiom
209 1777 220 1809 ‚
249 1731 527 1816 nitidioribusque,
568 1736 653 1798 hund
673 1735 788 1798 haereo
807 1737 842 1798 in
861 1735 1050 1808 nominanda
1070 1756 1143 1798 cum

91 1833 275 1915 Sibthorpio
303 1835 480 1894 Artemisio
506 1834 731 1913 ardoresoente,
771 1858 852 1919 qnae
881 1837 917 1897 in
941 1834 1142 1916 Archipelagi

90 1931 260 1994 maritimis
287 1944 377 2013 atque
408 1935 443 1995 in
472 1936 575 1996 insule
595 1937 755 2052 Zsoyptbb
776 1936 940 1997 indicatur.
947 1929 979 1974 ⁴²
1038 1937 1146 1996 Miror

90 2041 217 2106 tamen,
254 2034 412 2094 neminem
442 2056 460 2095 e
480 2036 618 2117 patribus
640 2036 688 2099 rei
713 2011 907 2133 lierbsriae
897 2057 931 2095 sn
952 2034 1032 2095 hant
1049 2035 1143 2116 plan·

91 2141 157 2193 tam
179 2130 333 2192 incidisse.
383 2135 583 2195 Artemisiam
616 2135 791 2196 tenuiorem
819 2156 926 2196 omnes
953 2134 1021 2195 fero
1042 2134 1142 2194 maio·

89 2253 146 2294 res
165 2233 264 2292 nostri
282 2252 352 2291 cum
377 2234 558 2317 Sibthorpio
580 2235 695 2296 habeut
708 2238 914 2297 Artemisium
933 2245 1141 2311 campestrem,

90 2331 129 2391 in
154 2330 240 2389 omni
262 2330 392 2397 Graecis
414 2335 581 2396 admodum
605 2336 778 2415 vulgarem.
819 2333 985 2396 Artemisio
1005 2333 1141 2413 denique
1247 2381 1250 2396 .

89 2423 286 2515 posdstmsoc
314 2433 382 2493 sine
410 2433 507 2493 dubio
535 2454 601 2494 esse
630 2437 702 2496 Art.
730 2436 855 2512 spicata
879 2427 983 2515 Iacq'u
1003 2434 1140 2503 videtur,
1173 2467 1181 2474 -

88 2534 187 2624 obvia
207 2544 256 2608 et,
279 2532 458 2613 Sibthorpio
477 2541 571 2607 teste,
592 2533 627 2593 in
643 2535 792 2594 Graeciae
808 2533 975 2596 montibus.

178 2631 252 2714 Cup.
275 2628 421 2694 CXVIII.
463 2633 613 2713 Spurium
637 2654 701 2693 esse
720 2634 781 2694 boc
801 2644 912 2715 capnt,
940 2632 1140 2694 inconfesse

89 2743 155 2798 est:
183 2754 286 2815 neque
307 2733 369 2792 sliu
388 2732 494 2813 planta
514 2732 717 2811 describitur,
738 2754 841 2842 quam,
862 2753 940 2815 quae
963 2732 1026 2840 ispi
1045 2752 1141 2815 supra

89 2835 215 2910 aderat,
236 2839 303 2895 Art.
325 2833 513 2916 campestris.

179 2932 253 3015 Cap.
274 2919 391 2995 CXIX.
424 2933 623 2994 Ambrosium
635 2941 699 2995 etse
716 2934 909 2993 maritimum
920 2931 974 3008 L,
991 2939 1070 3014 qna'e
1086 2931 1139 2994 hio

67 3107 69 3112 ,
89 3034 267 3118 profertur,
291 3015 481 3095 Lobelius⁴³
503 3045 533 3095 et
548 3029 776 3095 Dodonaeus⁴⁴
798 3035 860 3094 iarn
877 3054 1056 3115 persuasum
1080 3033 1140 3095 ha·
1229 3023 1236 3040 .

87 3135 238 3199 buerunt.
259 3133 412 3215 Turpiter
426 3145 528 3195 autem
537 3135 640 3214 lapsus
653 3147 697 3195 est
706 3135 900 3208 Matthiolns,
922 3133 995 3192 dum
1012 3133 1140 3194 alienia·

88 3235 186 3296 simos
200 3234 322 3315 plantas
339 3231 639 3314 vulgatissimasque,
660 3234 788 3294 alterum
805 3237 996 3310 coronopum
1014 3233 1141 3292 Ruellis'

88 3334 191 3402 Ded..
222 3335 350 3395 alteram
371 3335 577 3396 Artemisium
599 3343 812 3409 campestrem,
844 3332 935 3392 titulo
956 3329 1140 3392 Ambrosiae
1235 3326 1242 3344 ⁸

86 3434 211 3517 primae
232 3454 267 3495 sc
294 3434 446 3495 secundae
464 3435 660 3516 produceret.
670 3429 703 3474 ⁴³
738 3433 847 3511 Neque
868 3431 978 3490 Retzio
1009 3432 1139 3490 assenti-

88 3534 225 3609 endum,
247 3533 301 3615 qui
322 3536 509 3596 Artemisiae
531 3534 667 3616 speciem
689 3531 847 3593 odoratam
867 3530 1002 3612 intelligi
1022 3531 1099 3591 vult.
1103 3524 1138 3570 ⁴⁰

175 3630 248 3714 Cap.
271 3632 370 3695 CXX.
411 3637 441 3697 A
462 3637 558 3716 Trogi
578 3634 653 3693 inde
673 3643 790 3707 uetute,
813 3631 866 3711 qni
888 3631 1007 3712 primus
1025 3622 1138 3713 βότρυν

88 3733 285 3796 Dioscuridis
304 3730 535 3820 recognovitfl,
558 3731 790 3814 Chenopodium
806 3733 940 3811 Botrys,
963 3732 996 3791 in
1007 3717 1141 3814 Europa·
1212 3753 1218 3764 ·

125 3968 389 4026 mmmm
501 3968 824 4033 mmmmm

124 4038 743 4101 ww·mm·rmwfflw

124 4102 173 4170 μ)
189 4108 229 4152 lb.
249 4120 277 4164 p.
295 4107 355 4164 672.
457 4112 590 4169 4s)Ftor
609 4121 692 4167 graec.
710 4114 734 4151 ι.
752 4118 779 4162 p
795 4104 856 4159 rba.

15 4211 18 4217 ι
124 4175 380 4232 totoue-mess
479 4177 716 4236 enumeras

123 4239 171 4302 4⁶)
189 4242 222 4285 1*-
240 4254 266 4289 ⁰·
283 4255 312 4299 P·
330 4241 390 4300 6¹9·
492 4246 536 4303 46)
554 4246 628 4292 Flos.
647 4240 743 4303 virgil.
761 4253 789 4299 p.
810 4242 852 4291 ²5·
864 4235 913 4320 ‚¹⁰⁶

124 4313 171 4366 47)
189 4311 222 4357 1..
246 4321 270 4357 c.
289 4306 311 4359 f.
330 4316 408 4363 Μ’.

131 4394 334 4436 oroscoamss
363 4377 405 4439 ΙΙ.
850 4369 925 4433 Mm
