2817 5009
296 409 357 473 ru.
383 362 754 477 uroscoaruau.
801 398 1025 468 ruta-ro.
1073 387 1182 473 1605
1225 483 1228 492 ‚

136 562 385 649 angustioribus,
407 558 622 640 fructibusque
649 553 703 621 vel
718 554 807 620 sorbi
829 554 1006 618 formavel
1025 551 1113 638 pyri,
1134 544 1180 616 es't
1271 603 1274 607 .

136 665 361 744 Murrdrugorc
378 660 575 721 murenulis
595 656 761 734 Bermion,
782 656 871 720 foliis*
889 656 1180 738 oblongo-lanceo-

135 769 224 844 latis‚
246 765 360 839 acutis,
387 760 566 835 undulatis,
592 757 722 822 floribus
744 757 990 831 autumnalibus,
1018 756 1178 837 baccisqus

129 865 287 948 ,oblongis
316 914 322 928 ,
348 862 418 923 Mas
447 871 550 923 sutem
570 857 750 921 Dioscoridi
778 867 810 918 st
829 856 933 919 albida
951 858 1049 932 dicta,
1090 857 1180 919 foliis

134 950 271 1049 magnis,
292 964 381 1025 betae
401 961 565 1034 similibus,
586 957 931 1036 fructibnsruainribus,
953 957 1079 1034 muccis,
1100 958 1180 1019 odo·

134 1068 220 1142 ratis,
243 1077 288 1128 est
299 1062 521 1144 Mandragorae
531 1060 842 1132 remansurorum,
864 1080 943 1139 qaue
958 1060 1044 1121 foliis
1055 1060 1177 1142 amplis,

134 1166 249 1241 oratis,
279 1164 395 1226 obtusis
414 1163 538 1226 bullatis
556 1162 688 1249 gaudet,
721 1159 843 1220 fructus
864 1170 969 1221 autem
989 1159 1053 1222 fert
1069 1162 1187 1246 globo·¹

133 1288 201 1342 sos,
227 1276 388 1348 postquam
410 1283 486 1325 vere
503 1262 655 1358 ssonrerit.
689 1260 830 1340 Utraque
845 1261 962 1341 species
982 1270 1014 1322 st
1033 1261 1068 1322 in
1088 1262 1178 1323 Italia
1232 1312 1243 1336 ,

134 1379 166 1429 et
178 1369 211 1430 in
232 1365 382 1439 Graccis,
406 1362 566 1444 speciatim
586 1361 668 1423 cirea
687 1359 825 1425 Athenas
844 1353 1028 1424 οοοιιηίῑ.28
1069 1363 1178 1426 Tertia

132 1468 354 1549 mandragora,
396 1484 488 1544 quam
516 1473 546 1525 ct
572 1443 686 1546 μῶριον
715 1459 820 1523 vocari
841 1460 953 1535 tradit,
993 1462 1046 1525 vel
1067 1464 1177 1528 eadem

133 1578 180 1644 est
199 1588 269 1628 cnm
291 1585 392 1640 mare,
414 1565 483 1638 vel,
506 1563 590 1645 quod
603 1562 711 1625 Valsr.
728 1560 849 1622 Cordus
865 1560 986 1633 innuit,
1004 1556 1177 1648 pasdpayd.

132 1685 189 1754 ρας
216 1657 468 1748 Theophrasti27,
512 1665 657 1745 quicum
677 1662 844 1736 caulescat,
885 1662 1067 1746 fructusque
1095 1666 1177 1730 ierat
1272 1681 1277 1687 “

62 1813 66 1818 -
131 1772 258 1852 nigros,
298 1786 391 1829 succo
411 1765 521 1828 vinoso
549 1773 717 1839 scatentes,
756 1760 964 1843 suspicionem
985 1765 1089 1826 attulit
1108 1767 1176 1828 An·
1265 1837 1271 1844 ‚

130 1871 302 1952 guillarae,
342 1885 408 1928 esse
441 1855 726 1941 leladonnam²⁸,
768 1873 925 1926 annuente
953 1883 1078 1952 quoquo
1103 1857 1176 1928 Do-

130 1964 301 2032 denseo.²⁹

212 2097 381 2184 Duplicem
401 2105 504 2163 sutem
518 2093 632 2161 radicis
651 2094 786 2159 formam
807 2094 976 2161 humanam
997 2120 1073 2172 esse,
1094 2102 1175 2163 alte-

129 2221 198 2267 ram
219 2203 403 2279 femineam,
424 2201 591 2262 masculam
612 2200 760 2274 altcram,
787 2197 895 2261 sabula
914 2212 978 2278 est,
997 2202 1086 2263 cuius
1108 2204 1176 2264 ori-

79 2353 85 2370 »
128 2322 232 2404 gincm
254 2318 336 2403 apud
356 2318 473 2380 Arabas
490 2317 720 2399 investigamus.
766 2316 928 2380 Avicenns
956 2317 1059 2397 enim,
1079 2334 1174 2416 [pfl-,t
1221 2361 1226 2384 t

129 2422 258 2485 nomine
279 2421 416 2502 plantam
435 2416 626 2498 insigniens,
662 2436 730 2479 cam
752 2416 851 2508 ipsam
870 2437 998 2491 rocem,
1027 2430 1173 2504 tanquam

129 2522 325 2605 peregrinam
348 2539 389 2581 ex
409 2517 544 2600 imagine
564 2518 684 2579 formae
703 2516 859 2590 hnmanae
879 2517 1060 2601 exponit.³⁰
1107 2525 1174 2588 lam

130 2643 202 2685 eam
221 2618 382 2685 Abnlfadli
402 2628 549 2695 testetur,
570 2638 636 2681 esse
654 2617 805 2698 syriacam
827 2616 982 2695 rocem³¹,
1011 2642 1049 2682 so
1068 2624 1174 2688 liben-

128 2749 191 2811 tius
212 2769 230 2808 e
249 2745 368 2828 syriaco
397 2733 522 2827 μοὶ,
542 2746 687 2823 spiritus,
707 2730 1090 2827 stanhconcupiscsrs,
1111 2771 1171 2811 na-

126 2887 192 2935 tam
213 2890 278 2934 esse
297 2873 450 2935 arabicam
468 2889 578 2935 vocem
599 2871 824 2935 contendimus.
885 2873 1056 2957 Cupidines
1075 2872 1172 2960 igitur
1218 2949 1227 2964 .

127 2996 149 3036 a
165 2973 325 3055 spiritibus
346 2994 401 3035 scu
421 2972 624 3035 daemonibus
643 2972 809 3054 productas
830 2971 1029 3056 siguificat.²³²
1062 2977 1171 3058 Itaque

127 3074 271 3137 videmus
292 3073 331 3133 ab
351 3073 503 3136 Arabibns
524 3073 644 3135 fabulas
663 3075 733 3135 illas
747 3075 933 3157 praeprimis
949 3077 1063 3151 foveri,
1086 3080 1171 3159 qnod

126 3181 160 3235 st
188 3173 250 3236 alia
276 3171 459 3258 confirmant
484 3169 708 3236 testimonia.³³
768 3176 829 3236 Per
858 3197 951 3237 omne
978 3188 1082 3239 autem
1104 3200 1171 3240 me·

127 3265 225 3336 dium*
237 3287 348 3333 aeram
376 3274 414 3334 ad
438 3272 555 3336 seriora
574 3294 673 3353 usqne
697 3285 839 3355 tempora
859 3275 1101 3353 viguerunteae
1121 3279 1171 3339 ia·

125 3374 236 3441 balae,
257 3393 314 3433 nec
334 3372 505 3442 defuerunt
522 3383 661 3454 agystae,
688 3374 743 3454 qni
763 3374 855 3434 foeda
875 3376 986 3436 frande
1006 3377 1169 3440 credulum

126 3475 240 3555 vulgus
274 3472 553 3547 circumvenirent,
603 3474 678 3533 dnm
715 3494 733 3532 e
771 3475 921 3553 bryoniae
963 3476 1067 3536 radice
1101 3489 1168 3538 arte

125 3575 245 3655 sculpta
271 3573 445 3635 formarent
470 3574 597 3638 virilem
626 3575 858 3657 femineamque
882 3574 1032 3655 effigiem,
1073 3596 1167 3659 quam
1263 3575 1265 3580 ⁴

109 3859 112 3868 .
158 3809 202 3865 sti)
220 3809 341 3855 Whetert
354 3809 405 3857 iser
420 3812 480 3870 μυ.
497 3824 524 3873 p.
541 3815 601 3868 tua.
620 3811 678 3870 δας.

159 3875 394 3939 27)11isr.p1.6‚
414 3887 441 3928 s.
525 3886 571 3936 aa)
588 3881 620 3925 L.
640 3893 664 3926 c.
683 3895 710 3938 1¹·
728 3893 771 3941 9⁰·

157 3952 202 4004 ας)
220 3948 251 3991 t..
270 3958 296 3996 c.
312 3960 339 4004 p.
359 3948 421 4002 466.
532 3952 584 4005 au>
603 3946 653 3999 ad.
670 3949 738 3998 arab.
757 3965 784 4010 p.
797 3959 856 4007 187.

158 4017 204 4067 si)
222 4013 504 4071 spasmantem.
525 4030 549 4063 r.
566 4031 593 4074 p.
611 4018 637 4065 6.

157 4095 375 4192 asiltoebartns
391 4097 475 4160 igitur
495 4098 613 4159 fallitur,
637 4101 701 4149 dum
720 4111 755 4150 ex
771 4104 841 4151 arab.
867 4110 967 4202 ω,
985 4099 1162 4168 miraculator.

120 4193 242 4239 expomt.

119 4260 215 4395 ”0532
231 4267 355 4354 neuster
386 4269 512 4320 biblioth.
539 4270 634 4342 orient.
661 4285 719 4333 pag.
737 4285 777 4332 ¹7·
829 4274 913 4322 casiri
937 4273 1005 4325 bibl.
1027 4287 1111 4325 auur.
1135 4282 1162 4325 s.
