2817 5009
250 390 314 469 '182
520 392 1020 488 πταννιοναιοεποοιαον

170 575 176 580 ’
254 543 310 611 ohe
335 544 564 631 emancipatione
593 535 719 628 φύλλοις
749 538 836 620 λείας
866 540 918 606 καί
946 537 1023 618 ὄξει,
1064 535 1247 634 στρατιώτης
1277 533 1297 605 ὃ
1403 583 1408 588 ,

253 645 306 711 alni
324 649 388 711 caio
410 639 547 720 idcircor,
590 647 692 727 σχίνου
718 638 849 721 φύλλα,
880 642 1003 705 σιδτλσν
1024 638 1123 721 ἓφθδν
1142 639 1198 706 ota
1225 641 1299 724 οἴνῳ

254 746 306 811 ναί
326 744 417 830 ἐλαίῳ
439 750 533 809 λεῖον·
573 738 802 826 μελάμφυλλον,
822 736 841 805 ii
862 735 899 823 dij
918 741 970 805 ναὶ
989 743 1183 828 παιδέρωτα,
1210 746 1241 807 oi
1259 739 1294 808 d’

255 844 392 912 ἅνὰνθσν
414 843 560 920 καλοῦσι,
592 839 673 910 καθ’
699 843 792 906 invto
779 839 928 926 χλωρὸν
955 838 1053 917 λεῖον,
1095 842 1147 906 καί
1164 840 1218 909 σὺν
1238 841 1301 920 δξει

255 971 308 1016 ναι
299 946 444 1033 ῥοδίνῳ
454 945 506 1009 καὶ
528 942 584 1010 σὺν
604 940 707 1029 ἄρτῳ,
731 953 815 1009 ποιεῖ
832 940 947 1028 ι’ίιιρως·
973 941 1087 1018 σποδὸς
1106 939 1181 1076 μετὰ
1202 939 1301 1032 accip-¹

205 1101 211 1106 .
255 1051 311 1138 φης
331 1047 425 1133 χιλοῦ
440 1040 712 1128 καταντλούμενος.

338 1154 427 1230 Κεφ.
449 1141 507 1234 ρο’.
543 1141 747 1231 Ἓφπηταςδ
772 1139 932 1225 ὠφελεῖ
898 1167 954 1227 μεν
974 1143 1026 1212 καὶ
1045 1141 1085 1212 τὰ
1104 1142 1182 1232 πρὸς
1201 1145 1304 1232 ε’φσσι

257 1250 377 1319 uelato
396 1241 660 1334 ἆναγινραμμένα,
689 1271 744 1312 και
735 1244 889 1329 μοίλιστα
909 1241 970 1310 ὅσα
991 1247 1204 1328 ἐπιτεταμένως
1225 1242 1302 1314 ocii?

258 1374 308 1436 φιν
329 1347 515 1435 νασιίχριστα
535 1376 587 1414 και
579 1342 863 1431 καταπλάσματα·
896 1343 1019 1422 minema
1038 1343 1140 1427 φύλλα
1160 1343 1277 1420 iaia⁸
1244 1373 1302 1418 συν

258 1446 347 1517 sidon
366 1444 659 1533 καταπλασσόμενα,
676 1442 772 1535 βάτου
793 1444 895 1530 φύλλα
915 1442 1043 1544 ὁμοίοις·
1064 1447 1228 1524 ἀπόπατος
1250 1453 1303 1515 oi-
1343 1497 1348 1504 «

257 1547 312 1630 νὸς
343 1549 398 1617 σὺν
425 1549 486 1627 ὄξει
513 1542 785 1632 ἐπιπλαοσόμενος,
826 1546 845 1633 ἢ
871 1551 978 1643 βηχίοο
1005 1542 1158 1631 φύλλα“
1127 1573 1179 1614 ουν
1203 1547 1303 1627 ν’δατι,

257 1657 399 1737 μυρσίνης
420 1646 573 1733 φύλλα“
540 1676 596 1717 σον
615 1647 757 1734 αλφίτῳ,
777 1639 984 1729 πιντοφολλον
1004 1653 1072 1736 ῥίζα
1092 1643 1144 1717 σὺν
1165 1647 1302 1735 ἀλφίτῳ

261 1748 439 1832 σφονδύλων
458 1750 590 1820 λεῖον“
558 1776 614 1819 συν
634 1747 758 1835 πηγάνῳ
778 1776 830 1816 ναι
822 1748 927 1827 ὄξει·
955 1755 1145 1838 ιιατοχριεται
1164 1747 1242 1816 δ
1220 1776 1303 1834 ινφε-
1348 1833 1352 1837 .

259 1850 352 1976 λίμιος
379 1849 520 1940 ἄσβεστος
541 1852 598 1920 σὺν
618 1851 677 1931 ὄξει
694 1853 746 1917 ἐπὶ
766 1855 829 1919 τῶν
850 1848 1042 1918 ἆνελιιοίτονν·
1075 1850 1128 1922 ἐὰν
1145 1849 1176 1920 δ’
1200 1849 1302 1937 ἥλκω-

221 1981 224 1998 =
260 1956 344 2038 μένοι
365 1948 438 2031 ὦσι,
470 1952 526 2020 eris
544 1961 684 2044 νηροντῇ,
721 1950 913 2040 διφρομὲς“
882 1977 937 2019 σνν
959 1951 1037 2029 ὄξει
1076 1949 1154 2038 ἢνη
1137 1953 1303 2038 napulie

261 2049 392 2138 ὁμοίως,
411 2048 530 2132 iduor,
552 2062 659 2129 πίτυος
680 2051 786 2136 φλοιὸς
807 2051 994 2140 ἀναληφθεὶς
1015 2057 1135 2174 κηρῳτῇ
1157 2060 1303 2178 κυπρίνη·

260 2160 369 2231 πίτυος
390 2153 501 2248 φλοιοιι
521 2144 609 2240 <ll
638 2154 714 2237 μετὰ
740 2153 936 2282 χῳλκανθαν
937 2164 978 2230 <
999 2151 1028 2228 α’
1052 2152 1106 2221 οὐν
1126 2161 1260 2277 ιιηρωτῇ·
1284 2185 1303 2281 η

150 2327 153 2332 ,
263 2254 415 2349 σηπεδόνα
436 2251 527 2337 ξύλου
558 2250 680 2334 λεαίνας,
722 2258 774 2324 ναί
800 2247 936 2342 μίξας”
912 2279 1021 2324 ανισον
1049 2255 1171 2324 λεῖον
1156 2279 1223 2322 ισον
1250 2258 1304 2324 καί

262 2512 345 2578 acini
367 2512 445 2574 lolia
464 2511 538 2573 trita
557 2533 628 2576 cum
649 2511 736 2572 foliis
751 2511 940 2573 verbenacae
962 2521 993 2572 et
1012 2521 1113 2576 aceto:
1150 2504 1303 2573 stratiotes

235 2612 437 2693 =aquaticus,
466 2611 587 2676 lentisci
610 2611 705 2686 folia,
749 2613 818 2671 beta
838 2623 921 2680 cocta
943 2611 977 2671 in
998 2613 1073 2672 vino
1096 2623 1126 2670 et
1147 2612 1216 2671 oleo
1245 2612 1305 2671 tri·
1342 2666 1349 2670 .

261 2722 371 2791 taque:
392 2709 666 2789 melamphyllum,
690 2711 772 2790 quod
793 2711 850 2770 alii
868 2708 1042 2792 paederota,
1063 2711 1119 2771 alii
1139 2711 1304 2771 acanthum

262 2818 391 2884 vocant,
414 2829 471 2890 per
490 2830 523 2869 se
543 2810 649 2870 virens
670 2810 778 2869 tritum
800 2820 920 2870 etcum
941 2820 1026 2869 aceto
1048 2831 1171 2870 rosaceo
1195 2807 1228 2872 et'
1248 2831 1305 2894 ρας
1354 2810 1360 2816 “

263 2930 304 2970 ne
324 2919 449 2970 strenue
470 2908 572 2971 iuvat:
608 2907 745 2990 itemque
765 2909 930 2990 spondium
952 2930 1021 2992 cum
1044 2910 1192 2971 brassicae
1211 2929 1303 2970 succo

263 3008 414 3079 affusum,

345 3107 437 3188 Cap.
458 3107 588 3169 CLXX.
609 3108 659 3169 Ad
674 3107 816 3189 herpetas
832 3118 971 3190 preeunt,
993 3120 1059 3169 tum
1073 3128 1151 3189 quae
1172 3107 1212 3168 ad
1232 3095 1305 3188 eryss

263 3206 391 3289 sipelata
411 3216 500 3282 aunt,
540 3217 606 3267 tum
629 3227 703 3268 vero
726 3210 859 3268 maxime
881 3230 959 3288 quae
980 3210 1100 3269 intense
1121 3208 1313 3287 aetringunt,

262 3295 318 3369 seu
337 3307 432 3374 illita,
473 3327 528 3368 seu
557 3309 649 3367 etiam
682 3306 901 3387 cataplasmatis
931 3309 965 3367 ia
994 3295 1132 3378 modum
1150 3307 1303 3387 imposita,

264 3427 378 3488 nempe
399 3408 518 3468 isatidia
542 3407 619 3480 lolia
646 3407 730 3479 trita,
753 3427 793 3467 cx
815 3428 893 3487 aqua
915 3408 1071 3482 adhibita,
1100 3407 1305 3487 similiterque

264 3508 337 3570 rubi
358 3507 451 3581 lolia,
478 3506 569 3566 fimus
592 3526 754 3586 caprarum
777 3526 847 3565 cum
870 3513 954 3566 aceto
975 3507 1156 3587 impositus,
1184 3507 1306 3567 tussila-

263 3606 344 3688 ginis
366 3605 444 3666 folia
465 3628 505 3666 ex
526 3628 612 3686 aqua,
636 3606 729 3685 myrti
746 3606 830 3692 liclia
852 3627 923 3668 cuni
940 3605 1074 3686 polenta,
1095 3606 1306 3687 quinquefolii

264 3706 357 3766 radix
377 3723 449 3784 cum
469 3708 612 3786 polenta,
633 3705 855 3785 sphondylium
876 3706 985 3765 tritum
1006 3726 1076 3766 cum
1097 3717 1167 3766 ruta
1191 3717 1221 3767 et
1236 3726 1306 3765 ace·

263 3813 305 3865 to.
346 3806 474 3865 Utiliter
493 3818 594 3867 autem
618 3805 753 3866 illinitur
772 3806 842 3864 calx
863 3806 934 3865 viva
955 3806 991 3865 in
1013 3804 1079 3877 hia,
1100 3806 1153 3884 qui
1176 3806 1306 3865 minime
1394 3799 1403 3805 ’

263 3915 336 3965 sunt
361 3906 548 3979 exulcerati,
588 3925 659 3964 cum
685 3911 789 3963 aceto:
829 3904 856 3964 ei
883 3925 959 3965 vero
984 3906 1154 3965 exulcerati
1166 3905 1305 3979 -fuerint,

265 4024 336 4072 cum
359 4016 479 4065 ceratos
509 4003 674 4084 diphryges
697 4022 766 4062 cum
788 4013 894 4079 aceto,
930 4003 1135 4084 similiterque
1153 4015 1236 4065 terra
1257 4005 1306 4062 ci-

265 4105 378 4177 molia,
399 4103 534 4183 lycium,
556 4103 624 4182 pini
646 4113 754 4163 cortex
775 4114 876 4163 cerato
897 4104 1026 4183 cyprino
1048 4115 1210 4184 exceptus,
1236 4104 1307 4190 pini
1372 4175 1375 4180 Ι

263 4203 387 4264 corticis
416 4201 518 4275 drach,
546 4199 579 4280 ij.
606 4221 677 4261 curn
704 4202 879 4262 chalcanthi
906 4202 1010 4262 drach.
1039 4202 1076 4277 i.,
1117 4191 1217 4263 cerato
1247 4224 1306 4263 ex·

262 4311 378 4382 ceptae,
427 4301 539 4374 Aliud:
566 4301 671 4370 tritam
698 4300 856 4380 lignorum
885 4302 999 4364 cariem
1025 4322 1098 4364 cum
1126 4303 1194 4384 pari
1219 4304 1306 4362 anisa
