2817 5009
226 306 291 375 392
326 319 331 326 ·
373 347 380 358 .
537 278 960 429 ctonnauraulbs

229 457 265 523 ἐκ
285 456 338 538 τῆς
358 452 488 538 leiserio„
505 467 542 518 ut
563 455 702 517 Galenus
711 449 754 523 ⁶⁴,
776 455 838 516 dici
859 455 1021 520 debuisset.
1072 456 1214 538 Namque
1233 455 1277 517 ad

229 561 372 622 barbaras
401 558 543 637 regiones
570 556 660 615 etiam
689 556 858 616 Germania
886 567 916 634 et
945 554 1106 618 Britannia
1134 557 1278 638 pertine-

230 661 315 721 bant.
376 656 499 736 Quibus
528 660 716 735 argumentis
744 658 895 738 impulsus
921 657 1088 717 Marcellus
1116 657 1278 736 Vergiliae

137 831 141 838 x
231 753 410 840 spurium
395 757 455 816 boc
477 766 572 840 caput
589 766 619 816 et
636 755 791 822 alibrario
813 755 945 836 quodam
960 755 1070 815 seriori
1087 756 1277 862 adscriptum

85 845 91 854 ¹
165 851 177 920 ,’
222 856 438 935 existimavit,
452 855 581 940 quando
596 855 1038 935 praesertiminvetustissimis
1053 833 1210 917 codicibus
1219 854 1278 916 de

232 956 397 1018 sideratur.
461 955 641 1038 Serapionis
671 963 774 1015 tamen
801 964 898 1015 aetate
928 953 988 1016 lroc
1015 965 1106 1036 caput
1133 954 1196 1018 iam
1224 955 1280 1017 le-
1299 971 1302 978 ⁴

232 1058 371 1139 gebatur.
1318 1133 1327 1141 ,

316 1157 413 1217 Plura
444 1176 521 1219 vero
549 1155 638 1217 nobis
670 1155 816 1233 suadent,
852 1147 943 1240 μάκερ
979 1163 1120 1216 veterum
1147 1150 1280 1216 omnino
1316 1145 1323 1160 ¹

234 1256 363 1318 differre
391 1268 538 1317 anostro
563 1254 802 1314 meracum
832 1257 915 1315 enim
937 1262 1111 1318 constanter
1131 1254 1281 1312 corticem

236 1356 359 1430 dicant,
394 1355 516 1417 Plinius
528 1347 676 1440 uiam&
703 1353 849 1413 corticem
879 1353 991 1414 radicis
1013 1355 1139 1432 maguae
1158 1352 1283 1413 ruben·

237 1464 318 1529 tem,
353 1455 481 1518 nomina
501 1453 618 1514 arboria
639 1473 729 1528 suae3
764 1455 838 1532 quid
860 1454 966 1514 arillus
987 1451 1075 1513 nucis
1095 1451 1283 1518 moechatae,

139 1565 143 1574 ’
236 1566 340 1616 nostra
360 1555 508 1628 nimirum
533 1552 646 1628 mucis,
668 1555 842 1612 communis
864 1554 973 1632 lrabeat
995 1572 1064 1613 cum
1087 1551 1206 1611 arboris
1228 1559 1285 1609 aut

237 1655 351 1716 radicis
371 1637 510 1725 cortice,
535 1653 628 1732 plano
649 1672 714 1711 non
737 1651 839 1711 video.
874 1651 1024 1723 Accedit,
1044 1650 1140 1711 solam
1163 1651 1284 1714 astrin-

237 1764 358 1846 gentem
389 1753 456 1814 rim
484 1751 675 1834 praedicari,
721 1772 792 1814 cum
823 1739 926 1812 tamen
953 1750 1119 1816 aromatica
1138 1751 1173 1814 iu
1194 1770 1285 1810 mace

237 1841 422 1935 praevaleat.
995 1851 1005 1871 ‘

321 1951 437 2013 Arabes
463 1964 565 2012 autem
593 1949 689 2034 primi
709 1960 876 2031 utrumque
897 1956 1125 2012 commutarunt
1144 1946 1286 2008 medica-

234 2078 389 2130 mentum.
412 2067 561 2147 Serapion
578 2079 608 2134 et
627 2067 788 2130 Avicenna
808 2060 901 2153 μάκιρ
922 2045 1207 2144 vetarumjuallb
1224 2084 1287 2125 uo-

240 2194 321 2250 cant:
314 2171 617 2268 mmcemhicautem
633 2166 767 2261 amb-oq,
788 2186 1007 2267 quauadiserte
1027 2169 1168 2272 93)·9.>
1184 2171 1287 2266 >je-3
1386 2199 1388 2204 ’

240 2283 330 2361 <licit5
357 2285 412 2344 sed
432 2284 583 2366 Serapion
603 2296 771 2367 utrumque
792 2287 901 2347 eodem
924 2286 1023 2367 capito
1043 2295 1159 2346 tractat.

323 2383 433 2462 Qualia
454 2403 530 2444 voro
560 2386 599 2446 sit
619 2388 731 2453 arbor,
768 2407 846 2466 quae
874 2387 1019 2448 corticem
1040 2406 1112 2447 eum
1143 2383 1287 2463 autidys·

242 2484 413 2552 eutaricum
439 2475 616 2563 largiatur,
669 2486 752 2546 baud
791 2487 862 2546 satis
891 2496 1084 2566 compertum
1119 2484 1287 2564 babemus3

242 2602 418 2664 quanquam
439 2582 554 2644 Christ.
569 2606 588 2645 a
609 2567 700 2646 Costa
723 2586 864 2645 arborem
887 2587 1036 2645 describat
1057 2569 1288 2659 malabaricam,

202 2679 205 2688 ’
241 2686 353 2766 Mac-re
373 2682 571 2744 brachmanis
592 2685 716 2756 dictam,
738 2686 953 2766 cuius-cortex
974 2684 1077 2765 magni
1090 2685 1290 2770 aestimetur.

242 2782 404 2862 Appellari
424 2802 491 2840 eam
512 2784 653 2843 arborem
674 2797 808 2843 sanctam
833 2796 863 2845 et
883 2786 978 2845 sancti
999 2782 1141 2846 'rhomae
1162 2784 1201 2843 ab
1219 2785 1291 2843 Eu-

198 2899 201 2912 ·
244 2881 375 2961 ropaeis.
424 2882 499 2940 Base
518 2891 633 2943 vastam
665 2895 694 2942 et
716 2884 803 2944 ulmo
824 2884 983 2944 maiorem.
1044 2887 1156 2944 Samen
1178 2869 1290 2962 gerere

245 2981 346 3042 cordis
368 2981 481 3060 effigie,
518 3001 628 3062 sapore
648 3005 724 3044 vero
746 2983 926 3063 amygdalae
949 2994 1002 3044 aut
1021 2984 1124 3044 nuclei
1146 2983 1290 3064 persico-

244 3102 316 3143 rum
337 3082 508 3158 malorum,
542 3082 646 3143 colore
665 3083 765 3156 flavo,
806 3084 911 3144 tunica
931 3083 1060 3143 candida
1086 3083 1236 3163 tenuique
1257 3094 1291 3145 et

244 3180 418 3262 pellucido,
439 3182 525 3260 quasi
546 3184 665 3250 vesica,
687 3192 820 3254 tectum,
842 3184 974 3263 quaein
997 3182 1100 3242 medio
1122 3183 1213 3243 folio·
1229 3204 1287 3244 ua·

244 3289 349 3340 scatur
369 3281 524 3354 colorato,
550 3283 666 3342 ceteris
691 3281 776 3341 foliis
796 3282 990 3362 angustiore,
1012 3302 1163 3355 nervoso,
1185 3282 1291 3362 crispo

226 3381 277 3439 'et
296 3400 418 3461 rugoso.
479 3382 594 3440 Lacteo
616 3402 707 3440 succo
727 3392 843 3441 scatere
864 3382 1025 3455 corticem,
1052 3383 1193 3461 protinus
1216 3384 1291 3462 qui·
1331 3439 1334 3446 ,

246 3480 317 3539 dem
343 3482 480 3560 paullum
504 3481 713 3554 ruordicante‚
738 3480 789 3559 qui
809 3501 886 3540 vero
906 3502 998 3561 sapor
1020 3503 1090 3540 eum
1107 3490 1204 3541 aetate
1231 3503 1293 3562 pe-

245 3579 361 3640 reats⁵⁶
402 3580 474 3640 Nou
495 3578 620 3652 dubito,
645 3582 753 3640 Costao
773 3581 915 3642 arborem
938 3602 1002 3640 esso
1023 3603 1106 3654 eam,
1126 3603 1206 3661 quae
1227 3575 1291 3663 μᾶ-

246 3699 296 3761 ιιιρ
318 3678 455 3754 seueret3
479 3680 531 3737 aed
553 3699 703 3758 quaenam
727 3669 771 3739 est
791 3680 867 3739 haec
888 3681 1004 3740 arbor?
1051 3681 1198 3741 contorta
1219 3683 1309 3741 siue·

201 3779 204 3788 ’
247 3780 360 3840 dnbio:
397 3798 530 3856 uanique
552 3789 583 3838 et
603 3779 693 3838 lactei
714 3779 817 3839 latices
845 3790 876 3840 et
904 3781 1074 3861 astringens
1095 3782 1143 3840 vis
1165 3775 1292 3842 corticis

246 3879 354 3939 multis
382 3898 423 3937 ex
452 3877 510 3936 bac
535 3877 657 3938 familia
682 3873 856 3962 communis
885 3877 1053 3962 (Cerbereo
1081 3881 1228 3942 Odollam
1260 3890 1294 3943 et

281 4116 328 4170 34)
347 4114 387 4157 De
405 4109 456 4160 fac.
474 4110 558 4171 simpl.
577 4123 602 4170 7.
614 4126 644 4171 qa.
664 4113 706 4163 ot.
777 4091 822 4173 65}
840 4116 901 4166 Lib.
921 4124 966 4171 ro,
987 4115 1027 4168 16,

282 4196 327 4254 66)
345 4197 417 4243 cort.
435 4197 504 4255 apud
521 4199 593 4245 Cius.
617 4209 687 4245 exot.
708 4213 735 4257 p.
754 4201 814 4256 aba.
