2817 5009
287 315 354 438 ξω
417 417 422 426 .
600 359 1042 438 οοΜΜΕΝΤΑιιωε,

154 541 159 548 ’
293 519 396 595 tatu,
413 485 500 579 tetii·
518 515 626 578 mune
645 512 881 596 pubescentibus
900 535 919 577 ι
937 515 1045 598 priore
1065 518 1260 582 uterinum:
1277 519 1336 582 r..

284 622 411 683 uninam
430 636 507 681 vero
526 617 562 677 P.
574 616 760 696 corallium
777 615 865 676 Retr.
928 617 994 696 Qui
1013 620 1203 682 contrarium
1224 620 1336 702 profe·

171 737 179 746 ·
212 730 214 734 ’
287 731 387 793 -runt,
415 716 501 780 baud
526 715 634 778 aedulo
656 734 847 798 comparante
870 707 1024 778 doliorum
1043 718 1161 781 forman
1177 720 1337 783 ridentur·

294 821 385 883 Folia
405 817 489 880 enim
510 812 650 896 Smyrnii
666 816 767 878 rnnlto
788 815 885 898 magia
902 816 943 877 ad
955 817 990 877 P.
1010 819 1179 881 corallinae
1199 818 1336 882 tomen

293 920 451 984 accedunt.
491 917 603 979 Plurar
624 928 729 980 autem
751 915 869 997 aperire
887 916 975 1004 etin
995 916 1089 982 Creta
1105 929 1140 983 et
1155 920 1193 982 in
1212 919 1335 1003 reliqua

293 1021 428 1085 Graecia
446 1016 646 1099 proveniunt·
943 1085 949 1092 ‚

302 1153 305 1162 '
376 1136 482 1198 Grana
509 1132 595 1213 nigra
625 1123 843 1198 auffocationea
870 1135 908 1196 ab
933 1133 1056 1202 inoubir
1075 1130 1203 1221 'tollere
1214 1135 1334 1197 in·tota

292 1225 475 1320 antiquitate
493 1233 645 1295 creditum
665 1245 729 1326 eet,
762 1232 829 1294 aire
848 1232 882 1294 id
897 1254 920 1294 ‘e
940 1233 1015 1319 fuga
1037 1237 1208 1314 daemonia,
1227 1235 1295 1297 aire
1316 1255 1335 1294 e

292 1338 498 1420 refrigerante
517 1333 551 1396 vi
572 1342 603 1395 et
622 1341 800 1393 attenuante
819 1334 967 1415 paeoniae
988 1346 1188 1418 exponerent.
1237 1335 1335 1396 Narn-

292 1459 354 1523 que
380 1424 542 1519 ἐφιᾶλτην,
576 1453 669 1514 qnam
697 1433 847 1493 Themiso
879 1429 1066 1508 maroilum
1092 1431 1334 1518 cognominant,

291 1537 428 1602 maxime
447 1556 465 1594 a
483 1536 609 1616 crapula
636 1533 778 1612 malaque
800 1533 970 1615 digestione
995 1535 1095 1611 naeci',
1131 1553 1232 1616 eaque
1259 1554 1333 1616 pro-

288 1642 362 1722 'pter
395 1646 427 1697 et
450 1634 608 1716 ranguinie
639 1633 800 1700 mieaiouea
833 1642 864 1695 et
892 1635 1102 1696 evacuatiouea
1128 1636 1278 1717 prodam
1304 1643 1333 1693 et

287 1732 524 1819 refrigerantia,
545 1734 656 1816 quibua
675 1731 825 1815 paeoniae
842 1733 961 1796 nemina
979 1738 1229 1809 aooeuaebantnr,
1250 1730 1332 1796 idean

289 1846 496 1921 praeceperat.
504 1830 532 1873 ¹³

374 1945 450 2025 Cap.
471 1936 648 2006 CXLVIII.
689 1940 901 2006 Memorabilia
920 1951 966 2006 eat
984 1941 1082 2006 Plinii
1106 1944 1146 2004 de
1165 1941 1333 2025 litboaper·

290 2068 344 2108 mo
369 2047 475 2118 locun,
508 2061 602 2124 quern
627 2037 899 2106 umnecribemtte
940 2044 1055 2118 „luter
1088 2065 1196 2105 omnen
1222 2043 1334 2106 herbo

289 2148 494 2227 lithospermo
514 2140 594 2202 nihil
613 2151 660 2204 eat
679 2140 860 2203 mirabilius.
920 2143 1030 2224 Aliqui
1056 2142 1259 2226 aegonyohon
1278 2162 1335 2204 ro-

290 2257 380 2322 eant,
397 2243 451 2305 alii
471 2242 655 2323 dioapyrou,
681 2241 738 2302 ulii
758 2240 924 2304 heracleon.
966 2245 1087 2320 Herbe,
1108 2243 1335 2325 quincunciali·

289 2349 377 2423 fere,
397 2343 485 2407 foliia
506 2341 602 2422 duplo
623 2340 807 2417 maioribua,
827 2363 920 2423 quant
942 2354 1048 2420 natae,
1071 2343 1203 2407 ramalia
1219 2363 1335 2405 surcu-

289 2446 382 2521 loaia,
411 2441 612 2506 craeaitudine
631 2440 736 2516 iunci,
769 2442 850 2522 gerit
869 2443 956 2506 iuxta
979 2444 1058 2508 folia
1077 2445 1215 2526 ninguine
1235 2443 1335 2506 veluti

288 2545 450 2621 barbulas,
487 2553 518 2605 et
547 2561 653 2602 earum
673 2541 708 2601 in
734 2542 946 2604 cacuminibus
970 2544 1112 2627 lapillor,
1145 2545 1284 2608 candore
1303 2554 1335 2606 et

266 2621 478 2712 ‘rotunditate
498 2642 750 2721 margaritarum,
770 2641 988 2724 magnitudine
1005 2644 1123 2719 uicaria,
1145 2646 1333 2708 duritieve-

284 2768 326 2810 το
346 2746 477 2827 lapidea.
504 2741 579 2825 Ipsi,
601 2762 661 2822 qua
681 2742 833 2824 pediculis
852 2741 1054 2819 adhaereant,
1074 2747 1258 2808 caverutnlar
1275 2745 1332 2805 ha-

287 2847 380 2921 bent,
406 2853 437 2905 et
456 2844 541 2904 intua
560 2861 674 2902 nemen.
715 2841 860 2904 Nutritur
881 2854 912 2902 et
931 2843 966 2904 in
985 2843 1088 2920 Italia,
1107 2847 1162 2907 red
1181 2845 1333 2908 laudatia-

288 2944 402 3007 eanum
422 2942 455 3002 in
477 2942 579 3004 Creta.
620 2942 687 3004 Nea
707 2941 874 3021 quidquam
893 2941 977 3006 inter
996 2942 1106 3006 herbar
1126 2937 1247 3008 maiore
1263 2945 1333 3027 qai-

288 3044 361 3106 dem
382 3042 533 3105 miraculo
554 3041 689 3122 adepexi.
717 3041 834 3101 Tantur
855 3054 901 3102 eat
919 3043 1029 3119 decor,
1058 3045 1146 3107 velut
1165 3046 1331 3110 aurificum

289 3154 356 3206 arte
377 3143 505 3204 alteruia
524 3140 606 3202 inter
628 3139 708 3202 solia
728 3141 960 3206 candicantibua
978 3145 1167 3226 margaritis:
1187 3157 1253 3208 tam
1276 3169 1331 3210 ex-

291 3242 404 3325 quirita
424 3240 584 3304 difficulter
603 3239 716 3322 lapidis
735 3260 776 3300 ex
796 3240 892 3302 herba
915 3245 1075 3306 nnoeutia.
1115 3247 1222 3312 Iaorre
1240 3258 1330 3329 atque

289 3341 378 3404 humi
398 3362 523 3422 aerpere
543 3351 681 3404 anuum
701 3340 838 3404 tradunt.
879 3342 945 3424 Ego
965 3343 1095 3422 valeam,
1116 3366 1180 3408 non
1197 3348 1330 3411 haeren-

289 3453 354 3505 tem
369 3441 466 3504 ridi.“
505 3440 750 3504 Acolnmarerim
771 3438 873 3502 Plinio
892 3455 961 3503 outn
983 3445 1164 3506 Arintotela:
1186 3439 1330 3532 Ἄρχομει

289 3534 345 3626 μὲν
366 3535 430 3605 ἀπὸ
448 3540 504 3605 τοῦ
522 3533 685 3625 θαυμάζειν
705 3530 828 3616 πάντες·
860 3537 933 3605 ἀλλ’
963 3536 982 3606 ὁ
1010 3535 1188 3629 ὑπερβαλών
1205 3556 1330 3634 daupu·

292 3636 366 3721 σμὸς
386 3631 490 3725 daupei
509 3644 549 3737 τῇ
568 3639 757 3726 ἀπαιδευσίᾳ.
797 3642 924 3705 Etiamai
934 3645 1034 3728 iprum
1049 3647 1225 3711 observatae
1240 3654 1331 3734 plan·

292 3752 355 3803 tam
375 3753 491 3822 pateat,
512 3744 546 3806 in
566 3747 707 3808 ducentia
723 3746 831 3806 saltem
851 3755 882 3806 et
902 3766 958 3806 aua
976 3756 1074 3809 aetate
1089 3749 1221 3830 cognitio
1239 3755 1331 3833 plan·

292 3841 331 3903 tie
352 3841 471 3902 Pliniua
489 3844 581 3925 plura
602 3845 734 3908 habebat
753 3844 867 3906 miratu
883 3843 1039 3927 digniora,
1064 3863 1157 3928 quam
1178 3848 1214 3910 in
1235 3851 1332 3913 litho-

206 3929 222 3964 ·’
290 3960 425 4020 apermo.
481 3945 664 4027 Quanquam
689 3946 725 4007 in
753 3946 851 4007 Plinii
877 3946 1085 4027 deacriptione
1111 3950 1205 4030 plura
1231 3952 1331 4015 ainta

292 4039 485 4102 Dioncoridie
512 4043 747 4111 adumbratione
773 4045 891 4119 aliena,
925 4057 962 4110 ut
990 4048 1135 4111 herbulae
1156 4048 1247 4114 iuxta
1267 4053 1332 4116 ain·

322 4276 364 4333 ⁸⁶)
379 4277 462 4325 Pauli.
480 4275 527 4328 lib.
545 4287 570 4337 ἦ.
587 4296 615 4342 p.
632 4282 674 4349 aa.
779 4286 820 4341 14)
837 4281 905 4332 utta.
924 4289 966 4343 η,
984 4290 1028 4344 74.
