2817 5009
279 376 345 444 eac
596 347 1017 432 counenrsruns

283 533 414 612 quatur,
447 517 617 603 parietibus
646 520 792 582 adhaeret
799 504 817 596 ,⁵
844 518 1011 582 maximam
1041 528 1160 602 partem
1193 515 1338 591 erineo,

285 626 432 689 sedete
459 620 548 701 cupri
575 621 735 704 particulis
763 630 915 683 constans.
979 622 1167 701 Superlrcios
1195 629 1246 678 cst
1266 639 1339 677 cae·

285 723 507 795 sio-eineres,
527 721 652 782 interna
671 740 747 783 vero
767 738 928 801 compages
948 719 1232 781 florido-cineres.
1276 720 1339 777 Se·

270 824 390 907 ‘cunda
409 814 538 903 ὂνυχῖτις
556 821 720 883 invenitur
737 817 826 878 iniis
849 818 1040 888 fornacibus,
1081 820 1115 880 in
1137 819 1254 900 quibus
1272 817 1338 876 iam

287 925 345 987 diu
363 923 487 983 metalla
508 940 572 981 non
592 932 665 982 sunt
684 915 862 1001 excoctastl
903 922 1002 985 Extus
1024 940 1060 985 ca
1080 919 1199 1001 pariter
1220 932 1339 978 coeru-

286 1022 395 1098 lcscit,
435 1019 490 1083 sed
516 1020 602 1081 intus
629 1019 766 1082 vicissim
788 1019 931 1080 candidas
951 1018 1044 1081 habet
1063 1029 1095 1079 et
1114 1020 1258 1081 cinereae
1278 1038 1340 1078 ve·

286 1122 353 1188 nas.
393 1121 478 1184 Huic
495 1116 609 1195 ζωνῖτις
625 1119 770 1201 proxime
789 1130 820 1182 et
836 1119 1004 1181 simillima.
1042 1109 1239 1199 'Ocrpostrsc
1260 1138 1341 1178 vero

285 1224 321 1286 in
342 1221 454 1293 iisdem
474 1220 638 1282 fornacum
655 1219 878 1281 humilioribus
907 1219 983 1280 locis
1009 1239 1027 1278 e
1054 1221 1187 1280 terrenis
1208 1216 1340 1279 crassis*-

288 1343 351 1407 qns
370 1321 509 1405 partibus
529 1318 661 1381 conflata
673 1319 819 1380 nascitur.
861 1321 958 1381 Recte
977 1319 1070 1380 etism
1094 1331 1201 1380 monet
1214 1328 1338 1383 auctor,

287 1423 323 1487 iu
344 1420 540 1496 fornacibus,
581 1418 618 1480 in
639 1418 751 1499 quibus
773 1418 888 1499 pyrites
908 1440 1033 1479 serosus
1053 1430 1226 1500 coquatur,
1265 1418 1337 1476 cad-

251 1590 256 1615 χ
290 1522 375 1586 miae
401 1520 505 1584 varias
531 1516 648 1602 species
665 1517 810 1599 reperiri.
870 1518 1016 1579 Cadmiae
1047 1529 1150 1607 catcrp
1180 1538 1339 1579 nomena

289 1622 408 1686 Cadmo
422 1619 580 1681 Phoenice
599 1618 772 1697 derivatur,
792 1617 849 1701 qui
864 1618 944 1682 aeria
958 1619 1168 1682 tractationem
1181 1637 1340 1700 usumque

288 1724 425 1785 Graecos
446 1717 597 1781 docuerit.
604 1711 636 1756 ⁷⁸

371 1833 446 1920 Gap.
465 1833 631 1896 LXXXV.
671 1833 871 1917 Pompbolyx
891 1844 936 1897 cst
956 1835 1177 1911 savinneium,
1196 1835 1257 1897 sed
1276 1836 1340 1896 im·

287 1952 378 2022 pura.
417 1934 561 2013 Namque
583 1932 634 1995 rel
653 1933 790 2015 lapidem
811 1935 1050 2004 calaminarem,
1073 1936 1122 1997 vel
1142 1938 1340 1999 orichalcum

290 2045 405 2112 urunt,
432 2045 469 2097 nt
484 2032 640 2093 bullarum
659 2032 761 2092 forma
781 2036 904 2097 rincum
926 2038 1038 2111 evolet,
1058 2035 1098 2095 ad
1113 2038 1251 2117 parietes
1273 2038 1342 2099 fon·

292 2137 406 2206 sisinum
425 2133 601 2215 superiores
619 2132 807 2209 adhaerens,
843 2136 929 2196 unde
957 2136 1090 2218 fuligine
1117 2138 1256 2216 aliisque
1284 2158 1341 2219 pe·

290 2233 425 2320 regrinis
446 2233 671 2294 contaminatae
690 2233 820 2294 favillae
840 2245 998 2317 apparent.

374 2349 447 2433 Gap.
467 2348 677 2411 LXXXVIII.
720 2351 794 2411 Flos
814 2354 900 2414 seris·
916 2373 956 2413 ex
977 2353 1106 2417 minutis
1131 2353 1214 2414 aeris
1238 2353 1342 2435 parti·

290 2452 387 2531 culis',
423 2449 548 2512 milium
574 2448 799 2529 referentibus,
827 2454 1035 2533 componitur.
1076 2454 1128 2514 Fit
1150 2464 1258 2514 autem
1280 2453 1343 2514 du·

290 2551 369 2640 plici
390 2549 501 2612 modo:
536 2530 635 2624 uno,l
655 2570 729 2611 cum
750 2570 800 2610 aes
819 2572 859 2611 ex
880 2553 993 2634 lapidis
1012 2572 1065 2614 scu
1087 2555 1230 2613 minerae
1251 2554 1343 2634 pani—

266 2657 350 2719 ,bns
375 2650 410 2712 in
424 2649 567 2719 ¹forsrace
593 2660 754 2735 encootum
781 2651 820 2710 de
842 2652 919 2714 foco·
943 2674 1001 2734 per
1029 2654 1150 2714 canales
1170 2652 1342 2714 defluxerit

276 2755 327 2816 ·in
347 2751 503 2823 catinuma
532 2748 648 2823 altero,
682 2768 755 2809 cnm
775 2752 810 2812 in
827 2752 994 2834 singularis
1013 2753 1078 2814 foci
1098 2753 1204 2813 catino
1226 2774 1296 2827 aes,
1322 2773 1340 2811 a

292 2871 355 2935 quo
369 2849 534 2931 plumbum
554 2858 778 2930 argentumque
798 2851 920 2914 luerint
941 2864 1097 2934 separata,
1134 2852 1339 2933 colliquatnm

292 2949 403 3014 fucrit.
444 2948 586 3026 Utroque
613 2948 698 3008 enim
726 2949 842 3027 modo,
875 2953 1075 3015 recrementis
1095 2953 1157 3013 iam
1185 2954 1340 3027 detractis

293 3045 452 3113 candentis
472 3045 553 3108 acris
571 3066 688 3107 messae
708 3049 839 3112 subinde
859 3052 1031 3114 affunditur
1052 3074 1148 3133 aqua,
1172 3066 1210 3113 ut
1230 3052 1266 3114 in
1287 3075 1339 3136 pa·

179 3216 187 3231 s
294 3168 350 3212 nes
370 3144 471 3208 dividi
490 3146 600 3228 possit:
631 3167 712 3227 quae
742 3149 817 3229 quia
844 3163 972 3234 repente
992 3152 1139 3214 densatur
1159 3164 1191 3215 et
1212 3175 1339 3214 concre-

294 3248 368 3322 scit,
400 3245 510 3306 florem
531 3245 623 3308 illum
642 3249 731 3328 quasi
752 3252 883 3330 exspuit.
930 3252 992 3312 Hic
1013 3252 1052 3313 de
1071 3254 1223 3333 panibus,
1253 3266 1339 3337 post·

295 3367 388 3431 quam
409 3345 530 3428 forcipe
550 3346 585 3406 in
603 3346 708 3408 lacum
730 3361 783 3410 ant
802 3351 943 3419 labrum,
963 3361 1000 3411 ut
1019 3371 1146 3432 prorsus
1165 3354 1340 3434 restingua-

295 3459 349 3511 tur
368 3466 477 3509 eoram
496 3447 597 3521 calor,
631 3447 752 3509 fuerint
771 3451 920 3530 proiecti,
953 3451 1086 3512 decidit:
1126 3452 1181 3512 ulii
1204 3455 1339 3524 taudem,

234 3546 241 3561 ⁸
296 3564 377 3629 'aqua
395 3547 505 3611 emissa
523 3546 710 3624 sut‘ell‘nsa,
733 3551 904 3643 colligitur.
953 3550 1099 3633 Optimus
1117 3562 1224 3612 autem
1248 3554 1340 3613 facile

194 3664 207 3691 t
295 3646 358 3711 teri
384 3655 499 3728 potest,
539 3644 691 3730 tritusque
723 3647 760 3710 in
782 3651 947 3732 pulverem
977 3651 1086 3714 sulum
1123 3646 1190 3712 abit
1218 3653 1341 3714 modico

296 3746 518 3830 splendentem.

381 3863 456 3945 Gap.
476 3861 588 3924 XCIX.
627 3865 784 3948 Zrlpqumc
809 3888 994 3949 quemquam
1022 3877 1094 3930 ante
1123 3867 1341 3951 Dioscorides

297 3962 488 4026 mentionem
507 3962 636 4045 secisse,
678 3966 736 4033 vix
764 3969 959 4032 crediderim.
1013 3968 1069 4032 Est
1095 3988 1171 4035 vero
1200 3989 1266 4032 vox
1288 3991 1341 4029 ac-

299 4111 509 4130 m

331 4193 378 4262 77)
396 4196 512 4257 Agricoli
529 4197 562 4245 ds
577 4210 632 4248 nat.
648 4198 712 4252 foss.
729 4216 755 4269 ς.
776 4219 802 4265 p.
823 4209 883 4262 βαι.

334 4268 381 4329 ru>
397 4266 494 4327 ¹trata·
511 4263 566 4319 tub·
587 4276 646 4331 οη·
