2817 5009
262 407 326 475 6¹2
362 425 365 436 ’
574 399 995 500 COMMENTARIUS
1118 435 1125 466 ,
1394 497 1395 544 1

270 579 309 619 cx
330 553 467 617 emeticis
487 550 569 635 peti,
601 562 672 623 aut,
711 552 738 612 ai
758 549 908 631 temporis
933 550 1005 630 plna
1034 551 1073 614 ab
1096 571 1151 611 cau
1174 551 1324 632 elapsum
1393 563 1395 628 j

254 641 384 728 luerit,
418 676 436 713 c
457 652 668 734 purgantibus.
729 650 878 730 Ouymeli
905 659 937 709 ct
955 659 1076 711 uectum
1098 650 1201 731 iprum
1223 650 1325 711 saluti
1393 687 1395 736 1

270 777 334 816 erae
363 763 509 835 possunt,
553 761 714 832 postquam
750 748 866 829 fungus
895 759 1021 810 voratus
1051 750 1166 810 eiectus
1198 751 1323 811 fuerit:

169 853 187 908 't
269 852 385 933 alioqui
407 852 484 912 aolet
507 861 626 914 acetum
647 849 850 911 acrimoniam
872 849 1042 930 fungorum
1063 849 1228 911 extrahere
1247 870 1323 912 mn·

268 955 376 1035 gisqae
395 951 522 1012 noxiam
542 937 682 1009 reddero.
694 944 726 988 ⁹⁶

352 1064 425 1148 Cap.
445 1065 626 1127 LXXXIV.
668 1062 850 1126 colchicum
872 1063 1019 1126 nomeu'c
1036 1037 1186 1127 Colchidd
1209 1066 1322 1148 regio-

268 1189 309 1229 ne
330 1165 483 1238 obtinuit,
506 1184 698 1226 venenorum
719 1164 926 1238 feracissima,
960 1164 1045 1225 unde
1066 1166 1215 1227 Horatius
1235 1187 1322 1239 „ve-

268 1288 349 1330 nena
369 1266 506 1326 colchica
526 1273 557 1323 et
579 1264 727 1343 quicquid
756 1283 885 1344 uuquam
908 1264 1083 1344 concipitur
1104 1263 1265 1326 nefau“⁹⁶
1288 1274 1321 1326 et

269 1367 401 1443 „herbas
421 1365 520 1436 canit,
541 1383 617 1443 quac
637 1364 739 1424 Iolcon
760 1374 853 1445 atquc
873 1363 977 1423 Iberia
998 1364 1099 1424 mittat
1118 1384 1318 1425 venenorum

268 1460 424 1526 ferax.“⁹⁷
464 1463 599 1524 Videtur
621 1474 751 1538 autem,¹
770 1464 854 1545 qnod
873 1457 1015 1545 κολχικοῦ
1034 1462 1161 1523 nomine
1180 1464 1319 1523 Diosco-

267 1565 344 1627 ridia
364 1573 462 1624 aetate
482 1561 643 1636 veniebat,
679 1563 767 1643 prius
788 1554 935 1648 ἐφήμερον
955 1564 1071 1625 dictum
1092 1562 1204 1637 fuisso,
1241 1563 1319 1643 quir

265 1656 418 1747 ἐφήμερον
439 1657 607 1722 occidut⁹⁸
661 1661 894 1741 Theophrastus
915 1664 1023 1723 aultcm
1043 1662 1151 1722 auditu
1171 1681 1317 1742 comper-

230 1785 234 1794 ’
267 1775 334 1826 tum
361 1763 485 1837 habuit,
528 1782 593 1821 esse
621 1762 758 1821 radicem
766 1804 775 1836 ,
817 1761 904 1822 foliis
933 1763 986 1824 vel
1014 1760 1146 1821 ellebori
1169 1762 1222 1821 vel
1241 1762 1317 1832 lilii.

266 1861 423 1925 Nicander
443 1858 602 1941 ephemeri
621 1860 669 1921 aui
680 1903 689 1935 ‚
712 1861 796 1940 quod
817 1853 853 1922 τὸ
872 1858 1011 1943 Μηδείης
1031 1855 1202 1942 Κολχηῖθος
1224 1852 1318 1943 ἐχθό-

266 1985 353 2047 perot
373 1963 435 2044 πῦρ
456 1961 607 2041 appellat,
630 1961 757 2021 effectus
773 1971 804 2021 ot
823 1983 919 2022 noxas
935 1964 977 2022 ita
991 1962 1135 2033 delineat,
1156 1975 1192 2022 ut
1209 1962 1316 2022 omni·

267 2086 308 2127 uo
330 2066 369 2125 ud
390 2061 570 2138 Colchicuna
592 2072 733 2120 nostrum
755 2061 911 2120 conclusio
932 2055 1085 2121 valeat.⁰⁹
1126 2054 1317 2121 Scholiaates

266 2165 405 2226 diversos
425 2161 519 2221 tradit
543 2158 695 2242 ἐφημέρου
715 2159 915 2237 significatus:
937 2180 1001 2219 cna
1023 2161 1107 2218 euim
1129 2170 1194 2218 turn
1216 2180 1317 2219 veno-

266 2285 342 2327 nam
371 2272 437 2323 crta
463 2269 621 2339 paratum,
666 2260 750 2339 quod
774 2270 805 2320 et
830 2258 954 2336 barbari
991 2257 1161 2338 naphthum
1189 2269 1316 2328 vocent,

266 2375 333 2425 tum
355 2362 508 2443 plantam,
542 2358 621 2418 ssore
650 2358 713 2419 cito
738 2367 959 2432 marcescente,
992 2377 1072 2438 quac
1094 2357 1134 2417 ad
1152 2358 1317 2439 Hypanim

268 2470 391 2523 crescat.

351 2575 527 2638 Colchicum
551 2584 692 2634 nostrum
721 2573 903 2631 autumnale
931 2571 1065 2651 intelligi
1086 2583 1188 2654 patet,
1211 2595 1326 2655 qnam,
1393 2561 1394 2650 l

266 2697 357 2759 quam
379 2676 492 2735 florum
509 2675 595 2734 color
617 2673 738 2734 albidus
758 2672 888 2734 dicutur.
930 2673 1079 2733 Nostrum
1099 2675 1225 2755 quidem
1242 2676 1315 2735 vul·
1393 2671 1394 2684 ¹

266 2800 304 2859 go
328 2796 416 2836 roseo
438 2775 542 2833 coloro
562 2774 683 2853 insigne
704 2781 768 2839 eut,
809 2773 863 2832 sed
891 2773 961 2858 albo
990 2772 1080 2832 ctiam
1106 2774 1239 2834 aubindo
1259 2795 1313 2834 oc-

267 2875 372 2937 currit.
414 2877 563 2953 Saporem
585 2872 716 2944 radicis,
742 2892 797 2931 acu
817 2872 921 2953 potius
941 2872 1046 2947 balbi,
1076 2873 1200 2943 dulcem
1220 2895 1314 2955 prac-

266 2974 363 3034 dicari
384 2995 402 3031 a
423 2972 621 3042 Dioscoride,
643 2970 823 3064 mirabitur,
843 2974 896 3052 qui
916 2973 1118 3034 acrimoniam
1139 2973 1233 3034 valde
1252 2995 1314 3034 uo-

267 3062 362 3134 niam¹
379 3074 444 3132 eiua
472 3071 682 3151 perpenderit.
744 3073 787 3132 At
815 3093 892 3133 vero
922 3093 986 3133 uon
1009 3074 1132 3148 dceunt,
1176 3073 1233 3154 qui
1255 3094 1313 3134 uu-

267 3188 374 3234 turuno
397 3172 532 3231 radicem
545 3213 554 3244 ,
597 3173 631 3230 ni
648 3169 790 3246 dulcem,
828 3171 995 3254 insipidam
1017 3183 1121 3231 tumen
1142 3170 1312 3246 declarent,

267 3273 383 3332 etiarnsi
405 3292 501 3331 verno
525 3282 664 3351 tempore
685 3283 774 3331 eruta
795 3273 980 3333 amariaaima
1003 3269 1106 3333 ain¹0⁰
1167 3272 1258 3350 Quin
1281 3281 1312 3332 et

265 3375 359 3452 amyli
381 3372 500 3452 copiam
509 3413 518 3443 ,
551 3371 633 3450 quod
654 3371 689 3429 in
709 3371 875 3452 palatinam
893 3371 1038 3432 blandam
1059 3371 1139 3448 abit,
1174 3392 1194 3431 e
1213 3372 1309 3433 bulbo

266 3472 419 3544 obtineri,
439 3473 472 3530 in
495 3472 634 3530 consenso
656 3471 733 3529 eat.¹

348 3601 420 3683 Cap.
440 3604 606 3663 Lmv.
647 3603 714 3662 Iam
737 3604 776 3663 ad
797 3604 929 3665 alterum
949 3598 1096 3687 ἐφήμερον
1116 3602 1310 3664 veniendum

266 3714 325 3777 eat,
347 3703 429 3783 quod
452 3714 483 3762 et
504 3700 563 3784 ἶριν
584 3695 696 3784 ἀγρίαν
717 3703 855 3766 Galenus
876 3726 946 3765 cnm
968 3716 1074 3766 nostro
1094 3715 1195 3767 vocat.
1227 3706 1310 3766 Can·

226 3835 236 3848 ⁸
263 3847 470 3862 -——-—-

300 3863 305 3872 x

297 3936 345 3998 95)
362 3941 475 3982 Percoon
492 3951 537 3983 eur
552 3938 589 3984 lec
607 3905 797 3998 champignout
815 3940 995 3993 comeatiblct,
1013 3954 1040 3999 p.
1061 3948 1119 3996 roa.

297 4005 343 4064 96)
360 4008 441 4054 (tam.
462 4014 491 4058 a,
514 4014 555 4057 ιε,
571 4016 597 4050 et
617 4008 692 4064 epod.
714 4019 755 4065 ¹7·
857 4014 901 4068 97)
919 4007 1005 4066 Epod.
1023 4014 1048 4059 6.

297 4078 343 4130 93)
360 4072 490 4130 Theophr.
508 4072 571 4121 hiat.
590 4075 627 4131 pl.
646 4087 678 4132 9,
697 4075 737 4126 16.
839 4083 884 4136 99)
903 4075 1028 4134 Alexiplr.
1047 4089 1074 4124 v.
1092 4084 1152 4129 uso.

300 4161 358 4209 roo)
375 4159 495 4201 Maraura
517 4157 595 4205 mcth.
621 4172 698 4218 cogn.
723 4158 807 4220 simpl.
832 4176 859 4219 p.
879 4171 920 4217 35.
970 4161 1066 4208 Hallcr.
1096 4157 1170 4216 stirp.
1187 4156 1302 4208 helm-

263 4229 339 4271 1260.
372 4222 460 4281 ltrapf.
480 4228 549 4282 apud
566 4225 659 4271 storclr
677 4229 781 4277 contin.
800 4229 920 4288 expetitu.
937 4228 1008 4277 circu
1027 4225 1147 4276 colobio.
1166 4241 1194 4285 p,
1209 4235 1268 4283 0³⁶.

297 4295 322 4344 r)
339 4292 412 4349 Berg.
429 4304 517 4339 mater.
533 4292 600 4339 med.
616 4309 643 4354 p.
662 4305 721 4355 291.
