2817 5009
105 327 136 366 ²
258 353 326 433 ³94
428 345 432 354 ’
572 361 992 425 connanraaws

259 497 379 595 taqua'
394 511 515 577 arundo
544 514 663 576 femina
692 513 798 579 Diosc.
832 514 897 575 sola
925 523 970 575 est
997 514 1132 578 Bonane
1159 516 1299 593 varietas,

258 634 339 697 qnae
358 623 389 678 et
406 607 672 699 adapsocdicitur.
712 613 874 698 Συριγγίας
893 613 973 676 alius
993 630 1098 678 nostro
1119 629 1180 693 eat,
1203 639 1223 679 e
1239 638 1299 699 quo

257 715 368 777 calami
383 716 538 810 scriptorii
554 715 774 808 conficiantur,
797 716 884 775 Haec
902 709 1096 801 πολύσαρκος
1114 718 1245 789 dicitur,
1266 728 1300 780 ut

257 826 290 878 et
310 817 462 899 Serapion
481 817 566 900 legit.
613 814 808 876 contrariam
829 825 932 877 tamen
951 818 1134 881 sententiam
1155 829 1185 878 et
1206 819 1300 898 magis

256 917 450 999 probabilem
469 919 637 998 proterunt
658 915 892 996 Theophrastus
911 926 941 977 ct
959 916 1090 981 Plinius.
1136 919 1195 980 Ille
1211 919 1300 978 enim

192 1014 198 1028 '
256 1019 412 1101 oopsyytor
438 1012 543 1093 otidis,
585 1008 628 1091 ὥς
655 1011 766 1091 εἰπεῖν,
806 1013 880 1098 ἔχειν
907 1009 998 1092 ξύλου
1017 1017 1069 1082 sai
1091 1011 1221 1102 σαρκός,
1248 1019 1301 1079 hic

170 1149 175 1155 ·
206 1131 211 1147 ‘
256 1119 369 1195 etiam,
396 1119 481 1181 nihil
504 1121 534 1180 ei
556 1139 621 1180 ease
642 1117 829 1199 cartilaginis
850 1127 940 1198 atque
962 1114 1121 1200 anniam,
1150 1127 1300 1181 asserunt

254 1218 366 1298 Neque
400 1210 511 1280 saliam
540 1240 605 1281 esse
638 1232 773 1280 nostram
800 1217 985 1292 lectionem,
1023 1240 1063 1281 ex
1090 1222 1300 1282 additamento

254 1311 488 1397 maroyordrov
508 1329 644 1395 constat,
666 1319 750 1401 quod
770 1339 840 1379 cnm
856 1309 1042 1404 avlvcoipmp
1057 1321 1224 1382 cohaerens
1239 1319 1301 1379 ite·

254 1441 327 1483 rum
348 1420 565 1502 Theophrasto
587 1421 785 1494 adversator,
818 1420 878 1500 qui
899 1413 996 1500 perir
1013 1418 1066 1484 xci
1086 1413 1301 1502 ὀλιγογόνατον

253 1516 312 1586 τὸν
333 1521 486 1607 συριγγίαν
512 1529 611 1582 vocat.
673 1520 731 1581 Nil
760 1514 856 1601 igitur
876 1532 1032 1603 supereat,
1061 1523 1122 1583 nisi
1142 1522 1300 1605 συριγγὶου

253 1621 460 1706 significatam
487 1611 654 1710 assumere
670 1629 822 1680 mutatum
851 1617 884 1679 in
915 1623 1014 1685 tribua
1041 1623 1186 1699 saeculis,
1218 1640 1299 1703 quae

253 1722 506 1806 Theophrastum
526 1720 682 1782 intersunt
696 1729 727 1780 et
740 1720 967 1785 Dioscoridem.

338 1857 514 1941 Φραγμίτης
532 1851 669 1935 vulgaris
689 1837 729 1913 ea
744 1853 862 1934 species
882 1865 937 1930 est,
957 1876 1048 1936 quam
1069 1864 1101 1916 et
1117 1862 1299 1915 nostrorum

252 1956 419 2022 hominum
438 1978 535 2039 genna
553 1954 753 2017 Armanas
773 1953 984 2035 Phragmiten
1011 1955 1179 2037 appellihat.
1234 1950 1301 2011 Sed

90 2127 98 2152 ,
140 2093 152 2140 ‚·
252 2068 392 2141 superest
411 2056 557 2139 insignis,
579 2055 718 2135 inquam
735 2053 842 2128 incidi,
863 2076 954 2116 error
973 2055 1192 2118 emendanda
1217 2051 1297 2112 cum

169 2159 178 2184 ⁸
252 2158 337 2219 enim
356 2159 487 2240 legerim
517 2146 718 2234 ὁδὲφλοιὸς
737 2153 818 2227 καεὶς
837 2147 1008 2230 ἀλωπεκίας
1026 2146 1202 2239 θεραπεύει,
1237 2173 1297 2213 ne·

252 2279 314 2341 que
325 2259 470 2321 corticem
491 2257 594 2319 ullum
614 2255 650 2316 ia
671 2256 812 2337 gramine
831 2268 965 2318 statuere
986 2257 1097 2339 aliquis
1116 2254 1222 2337 possit,
1241 2251 1295 2313 ni-

250 2361 312 2422 mia
331 2356 509 2449 properavi,
523 2366 560 2418 ut
578 2355 639 2417 hoc
657 2375 817 2430 novaram,
837 2358 973 2419 maxime
986 2379 1059 2420 cam
1073 2348 1092 2418 ὅ
1106 2346 1203 2435 plenia
1223 2372 1297 2414 cam

251 2451 374 2542 &teiln
392 2459 428 2519 in
447 2455 663 2538 Theophrasto
671 2451 702 2495 ⁰⁵
723 2467 760 2520 ut
780 2478 975 2538 synonymon
1002 2457 1165 2519 arundinis
1184 2473 1296 2548 occim-

170 2551 174 2562 ’
250 2574 308 2626 rat.
369 2561 508 2621 atvero
536 2548 687 2639 ὃφλοιός
712 2559 865 2638 repetitur
891 2580 911 2619 a
937 2554 1112 2634 Galenoffi,
1146 2556 1294 2638 quicum

252 2662 422 2744 urgebas
440 2657 603 2739 Aegyptiis
627 2651 839 2734 dici‘aaserit,
873 2671 903 2720 et
923 2667 947 2718 a
965 2649 1083 2719 Paullo
1096 2649 1314 2738 Aegineraffl,

250 2774 339 2826 utet
365 2763 405 2823 de
425 2757 549 2820 corticis
574 2777 634 2819 aaa
661 2758 832 2839 loquuntur
851 2754 1011 2820 Plininsfl⁸
1042 2767 1073 2817 et
1093 2748 1294 2835 Serapion.⁶⁹

251 2864 333 2926 Cam
371 2872 480 2922 cortex
517 2858 614 2919 culmi
647 2858 712 2918 dici
749 2859 840 2918 etiam
870 2851 973 2939 possit,-
1001 2858 1114 2938 vagioa
1141 2856 1295 2917 foliorum

250 2965 390 3025 culmum
405 2957 561 3037 ambiens,
578 2958 665 3041 piget
685 2977 736 3018 me
759 2957 826 3019 eiua
844 2956 1142 3033 inconsiderantiae,
1162 2976 1294 3036 eamque

251 3064 412 3146 deprecor.
912 3079 915 3086 ¹

333 3195 409 3277 (lap.
428 3192 526 3256 CXV.
580 3183 736 3276 Hdrrvpor
763 3211 828 3253 esse
853 3211 963 3253 vocem
981 3190 1169 3273 aegyptiam,
1198 3206 1293 3248 nemo

249 3297 392 3381 negabit,
429 3293 485 3374 qui
511 3294 684 3374 aegyptiam
713 3313 778 3353 ease
804 3294 940 3373 plantam
965 3303 996 3353 et
1015 3294 1052 3351 ab
1073 3287 1234 3369 Aegyptiis
1253 3288 1295 3348 ad

248 3399 386 3464 maxime
407 3395 510 3457 varios
530 3414 604 3460 aeus
624 3393 813 3467 adhibitam,
833 3413 936 3480 aecum
957 3389 1157 3473 reputaverit.
1197 3384 1295 3447 Hand

249 3501 318 3564 aine
344 3493 485 3560 veritatis
511 3494 614 3574 specie
634 3471 833 3555 ¹lablorrakins
861 3503 1047 3576 augurator,
1087 3509 1195 3550 vocem
1227 3506 1295 3547 ease

242 3597 450 3681 'compositam
485 3613 506 3653 e
527 3594 594 3680 βίρ,
627 3594 710 3675 quod
737 3606 903 3654 contexere
932 3603 963 3654 et
982 3590 1128 3650 fiscellam
1149 3587 1293 3647 textilem

154 3681 157 3688 Ι
249 3703 361 3784 signat,
383 3717 420 3757 ac
439 3685 496 3768 noi,
515 3699 630 3777 planta,
651 3704 686 3757 ut
705 3694 800 3777 παβίρ
822 3695 917 3774 igitur
937 3693 977 3752 sit
996 3692 1101 3775 planta
1119 3688 1159 3748 ad
1180 3698 1293 3749 texea-

250 3804 328 3863 dum
347 3797 469 3859 idonea.
478 3795 509 3839 ²⁰
550 3798 660 3859 Strabo
680 3793 736 3881 τὴν
753 3790 857 3881 βίβλον
878 3802 984 3867 vocat,
1013 3792 1153 3870 beneque
1174 3786 1294 3849 descri-

249 3948 460 3970 m

285 4052 330 4106 64)
347 4047 408 4094 Lib.
428 4046 476 4099 ab,
493 4047 534 4097 66.
645 4040 689 4107 65)
709 4042 775 4090 ssiat.
794 4042 832 4100 pl.
844 4044 876 4100 4,
899 4051 938 4089 ιο.

204 4179 207 4186 .
284 4136 328 4192 66)
344 4135 384 4178 De
401 4143 485 4189 comp.
504 4129 569 4176 med.
590 4143 640 4177 sec.
664 4132 717 4175 loc.
738 4143 761 4175 a.
779 4141 807 4186 p.
824 4134 883 4181 403.

285 4221 331 4275 67)
348 4217 408 4263 Lib.
427 4227 452 4273 7.
474 4230 499 4275 p.
518 4225 575 4273 a39.
677 4212 724 4274 68)
740 4212 800 4258 Lib.
819 4217 866 4265 aa.
884 4213 924 4258 60.

285 4297 373 4366 69)'C.
393 4309 450 4355 aaa.
558 4295 753 4363 70)12o10mk.
772 4307 862 4355 opusc.
889 4297 1026 4350 r.1v.198.
