2817 5009
240 364 306 448 ³14
370 316 374 323 ¹
552 363 972 438 COMMENTARIUS
1042 380 1044 384 ·

242 548 295 593 ma
321 546 340 585 e
368 523 501 598 Gabale,
548 522 664 606 oppido
697 525 807 605 Syriae
844 500 894 586 ad,
914 525 1067 587 orientem
1094 523 1292 601 Antiochiae,

244 615 373 691 vefiit.³⁹
415 622 574 686 Secundae
589 623 675 688 fama
690 636 796 703 styrax
811 636 886 700 erat,
905 627 960 706 qni
977 647 996 686 e
1012 624 1141 698 Pisidia,
1162 627 1294 707 regione

244 726 328 788 inter
340 724 507 806 Phrygiam
530 733 561 783 et
580 723 723 784 Ciliciam
738 725 850 801 media,
873 726 1071 788 evehebatur.
1113 728 1197 786 Tum
1214 746 1292 787 vero

246 836 278 887 et
296 825 417 886 cilicina
444 823 728 885 commendabatur.
789 827 831 887 Et
862 837 967 887 nostra
995 819 1165 888 etiamnum
1192 836 1295 888 aetate

246 935 353 1007 styrax
373 946 415 993 cx
436 925 511 987 Aria
530 923 654 990 minore
675 924 828 1007 Syriaque
848 926 1023 989 advehitur.
1108 961 1111 965 ⁸

328 1068 403 1148 cip.
426 1064 562 1129 LXXX·
602 1065 759 1156 bidellium
781 1088 846 1128 esre
866 1067 1028 1128 lacrimam
1046 1067 1166 1128 ‘arboria
1186 1067 1295 1127 arabi-

247 1186 318 1242 cae,
349 1167 419 1228 loco
439 1164 649 1240 saracenicae,
687 1168 797 1246 poeni,
840 1169 991 1229 Marcello
1011 1168 1073 1226 iam
1096 1178 1242 1228 monente
1263 1177 1296 1227 et

141 1275 145 1283 '
245 1267 427 1330 testantibus
447 1264 567 1340 Plinio,
589 1265 710 1325 Galeno
733 1277 762 1328 et
784 1269 938 1338 Oribaaim
989 1268 1097 1328 Posset
1118 1276 1222 1328 tamea
1245 1266 1295 1324 le-

248 1368 311 1428 ctio
330 1367 466 1448 vulgaria
492 1365 695 1449 onpuuqrraoti
722 1365 845 1430 facilius
877 1368 992 1428 mutari
1020 1368 1054 1428 in
1081 1345 1292 1448 xipauptaot.

249 1466 375 1529 Charak
396 1467 480 1527 enim
490 1507 502 1540 ,
527 1468 678 1550 oppidum
702 1468 816 1548 peraici
837 1469 923 1529 ainus
943 1467 1107 1541 intimum,
1126 1489 1188 1547 quo
1212 1471 1295 1528 Ara-

248 1567 301 1630 bia
321 1567 492 1631 eudaemon
512 1567 728 1648 cognominata
749 1568 906 1640 excurrit,
942 1567 1025 1632 inter
1043 1567 1155 1649 Tigrin
1176 1578 1207 1628 et
1226 1568 1295 1634 Eu-

144 1733 149 1746 ,
248 1667 369 1742 laeum,
409 1668 569 1738 conditum
601 1670 638 1728 ab
669 1667 849 1732 Alexandro
869 1668 929 1742 M„
970 1666 1140 1727 Characeni
1160 1666 1306 1747 regioni,

249 1788 329 1848 quae
350 1768 389 1827 ad
409 1767 569 1847 Elymaida
584 1767 778 1847 pertinebat,
820 1766 1060 1847 appellationem
1087 1765 1191 1840 dedit,
1226 1768 1296 1847 ipra

130 1889 136 1900 ¹
250 1866 343 1934 etiam
371 1868 497 1936 natione
524 1868 701 1928 Characene
730 1877 846 1927 vocata.
856 1863 890 1908 ⁴⁰
958 1867 1065 1946 Itaque
1094 1867 1296 1926 characcnica

250 1966 351 2046 potuit
372 1989 391 2027 a
415 1968 595 2046 Dioscorida
614 1967 677 2039 dici
697 1966 775 2037 hacc
795 1966 981 2042 substantia,
1003 1987 1081 2054 quae
1103 1966 1172 2029 aliia
1191 1967 1295 2030 arabi-

248 2083 286 2131 ca
306 2068 482 2128 vocabatur.

332 2208 493 2268 Avicenna
515 2207 635 2268 diaertia
655 2207 758 2280 verbra
766 2203 797 2250 ⁴¹
816 2195 888 2283 dv,
909 2207 992 2288 quod
1007 2208 1222 2293 bdelliamest,
1244 2208 1296 2268 di-

251 2303 361 2365 vidit·
352 2328 385 2367 ιη
405 2307 573 2390 judaeum,
595 2306 678 2387 quod
699 2320 729 2369 ct
748 2293 882 2371 siculum
897 2309 954 2383 sit,
976 2318 1007 2369 et
1019 2310 1187 2374 arabicum
1208 2309 1294 2388 quod

253 2403 426 2466 eMechha
452 2417 642 2488 exportetur
703 2410 773 2481 Hoc
800 2407 968 2490 provenire
1001 2429 1019 2467 o
1040 2410 1160 2489 palmae
1178 2409 1294 2487 apecie,

252 2541 332 2601 quae
347 2524 444 2587 arbor
468 2524 550 2583 Ditm
574 2515 649 2610 (pal
666 2525 749 2606 ’lego
772 2498 842 2586 loco
861 2510 934 2609 m)
960 2525 1091 2590 dicatur.
1122 2520 1296 2606 Kaempfe·

252 2640 308 2690 aaa
335 2624 488 2703 egregiam
515 2626 643 2706 reliquit
668 2626 828 2688 notionem
864 2628 927 2688 huc
952 2626 1180 2722 pertinentem,
1221 2626 1297 2687 licet
1329 2631 1336 2639 '

253 2738 321 2818 ipae
348 2739 491 2800 arborem
524 2763 590 2804 non
624 2741 748 2804 viderit.
808 2743 983 2818 Bdellium,
1012 2744 1096 2824 quod
1123 2727 1209 2831 ᾧ)
1231 2730 1297 2812 ὁὶ·

254 2837 370 2918 (Mokt
389 2839 521 2916 aarrik),
543 2863 608 2906 ease
629 2862 754 2910 succum
775 2841 987 2929 inapiaoatum,
1009 2844 1218 2924 pellucidum,
1240 2867 1298 2906 ru·

254 2939 421 3000 sescentem
451 2961 469 3010 e
496 2939 654 3010 fructuum
682 2942 803 3022 palmae
828 2944 914 3004 foliis
947 2944 1216 3029 flabelliiormibna
1243 2968 1298 3007 co-

255 3049 349 3110 ctum.
411 3039 557 3101 Creacere
577 3063 644 3118 eam
670 3043 805 3122 palmam
826 3044 866 3103 ad
891 3053 1054 3124 utramque
1074 3046 1161 3105 rinna
1180 3048 1298 3126 persici

256 3135 397 3202 oram.'⁴².
440 3141 613 3209 Herbertua
634 3143 673 3201 de
692 3144 799 3223 leger,
834 3144 922 3206 cuiue
943 3145 1044 3204 atudia
1064 3146 1174 3225 palmia
1195 3148 1297 3208 dicata
1365 3161 1369 3168 '

255 3239 432 3322 Rumphiua
452 3241 585 3306 celebrat
595 3231 614 3315 ,’
624 3241 739 3322 quique
760 3243 826 3323 ipae
846 3246 970 3311 arborea
989 3245 1169 3307 bdelliferaa
1191 3249 1299 3308 obaer-

255 3353 363 3416 varat,
384 3341 574 3424 Kaempfero
597 3342 774 3404 testificatur
795 3355 857 3421 eet,
878 3348 1051 3404 Borotsum
1070 3367 1135 3406 eaae
1148 3346 1297 3423 flabelli-

201 3467 203 3470 *
249 3441 403 3535 firmem,
445 3462 463 3500 e
492 3441 580 3502 cuiue
608 3443 734 3525 quidem
764 3444 916 3518 fructibus
945 3446 979 3506 in
1007 3447 1117 3508 inaulia
1144 3448 1299 3532 Molucria

256 3562 364 3602 succus
393 3541 492 3608 dulcia
520 3560 556 3606 ac
578 3543 678 3602 edulia
698 3545 842 3623 coquitur
863 3546 960 3630 inque
979 3548 1091 3612 aolidae
1106 3547 1225 3607 tabulas
1247 3548 1300 3608 in-

188 3673 191 3682 *
257 3643 413 3723 apiaaatur
470 3646 512 3703 At
539 3659 615 3703 vero
642 3643 793 3714 bdellium
818 3646 881 3704 alio
909 3646 1033 3721 modo,
1062 3668 1103 3707 ex
1123 3647 1299 3708 immaturis

257 3735 428 3816 fructibus,
449 3741 560 3802 additia
579 3741 829 3814 suaveolentibus
842 3745 980 3822 floribus,
999 3757 1142 3827 paratur,
1164 3757 1300 3808 atama-

257 3843 360 3916 ricane
379 3840 432 3901 fiat
451 3852 482 3901 et
503 3842 660 3923 fragrana.

153 3933 161 3948 '
271 3990 276 3997 .
341 3942 452 4004 Priacia
480 3941 608 4016 Ebraeir
633 3938 714 4036 tabia
735 3943 912 4018 dicebatur;
946 3946 1120 4029 produci
1109 3968 1144 4016 tn
1169 3944 1297 4031 regione

293 4206 336 4256 aa)
352 4194 420 4252 ‘liu-
442 4206 488 4250 η,
508 4193 562 4250 aas
615 4203 661 4270 40)
678 4197 748 4246 run.
766 4198 798 4253 a,
818 4207 861 4256 ar,

292 4285 338 4337 4¹)
355 4278 403 4346 Ed·
424 4281 492 4327 arab.
512 4296 539 4350 p.
559 4282 619 4340 206,
723 4284 768 4343 4¹)
785 4286 896 4332 Amnem
914 4292 984 4336 exot-
1001 4279 1029 4342 15
1046 4283 1106 4342 6⁶3.
