2817 5009
271 320 315 389 ῃ
540 315 749 371 amamur
771 309 1045 376 ΔιοΣιιοοιΔου

275 461 454 586 ὀρθιόμινα,
478 463 531 532 ναί
549 459 698 554 κάραβοι,
724 465 779 533 ναί
798 462 930 535 ἀστακοί
936 517 948 547 ,
968 469 1019 535 καί
1040 464 1058 535 ὅ
1080 469 1112 549 ἐξ
1133 469 1239 538 αότάν
1255 471 1314 549 ζου·
1348 545 1352 552 ,

274 565 331 660 μὸς
350 560 513 649 πινόμενος.

315 674 449 751 Κεφ
478 664 522 745 ζ..
553 666 653 751 [Πιρί
680 664 852 754 άνσνίτου]
897 664 943 735 Ti
968 665 1050 736 δὲ’
1030 666 1172 737 ακόνιτσν
1201 665 1316 747 ιόθέσσς

263 764 340 852 ,ἅμα
359 772 405 852 τῷ
424 772 565 834 πίνεσθαι
586 768 780 846 γλυκαίνιι
749 793 802 853 τιμ
817 769 958 848 γλῶσσαν
971 766 1045 854 μετά
1064 795 1145 848 τινος
1166 769 1314 856 στύψεως,

275 869 328 935 καί
355 864 419 934 άπὸ
444 872 501 935 τοῦ
527 867 699 953 γλυκαομοῦ
725 872 929 948 σκοτοδινίαν,
966 875 1023 940 ,ναὶ
1050 869 1182 957 μάλιστα
1210 874 1244 939 ἐν
1270 873 1316 956 τῷ

276 971 506 1048 ἐξανίστασθαι,
535 971 586 1036 καί
606 966 774 1058 ὑγρότητας
793 970 962 1055 ὀφθαλμῶν
981 976 1129 1060 ἐπιφέρει,
1167 969 1264 1061 βάρος
1285 995 1318 1038 τε

274 1066 419 1156 θώρακος
438 1073 490 1137 καί
509 1066 710 1156 ὑποχονδρίου
717 1122 727 1151 ,
763 1069 838 1157 μετὰ
859 1078 914 1139 τοῦ
941 1073 1042 1140 πολλὰ
1064 1070 1219 1157 πνεύματα
1239 1071 1319 1140 ὀπο-

266 1171 433 1238 ottocen-
467 1171 515 1251 ἐφ’
537 1162 582 1237 air
601 1169 635 1238 di
660 1175 771 1257 ἐμέτων
792 1176 1007 1258 ἐκκομισθῆναι
1030 1177 1075 1242 δεῖ
1092 1173 1128 1241 τὸ
1150 1169 1319 1262 φάρμακον,

277 1270 366 1361 ἢιιαί
387 1272 436 1339 διὰ
457 1271 621 1358 κλυστῆρας
642 1270 887 1359 ὖποβιβασθῆναι
905 1274 938 1318 ‘¹⁸
959 1271 1015 1360 niu
1034 1277 1167 1342 κοιλίαν·
1207 1267 1320 1363 χρησό-

266 1382 359 1459 μεθα
377 1372 410 1437 δὲ
428 1377 631 1457 προποτισμῷ
652 1373 804 1461 ὀριγάνῳ,
847 1371 1033 1460 ἢπηγάνιμ,
1073 1374 1093 1461 ἢ
1122 1385 1260 1463 πρασίῳ,
1299 1374 1320 1463 ἢ

276 1471 426 1560 ἀψινθίου
456 1475 557 1556 ζέματι
585 1470 645 1554 μετ’
681 1477 763 1541 οἴνου
790 1470 977 1558 άιμινθίτου,
1019 1473 1039 1561 ἢ
1069 1475 1201 1597 εόζοίμρυ
1222 1480 1271 1555 ⁷⁹,
1285 1473 1320 1561 ἢ

276 1565 498 1663 άβροτόνου,
480 1603 498 1659 η
512 1573 724 1659 χαμελαίας,
704 1603 723 1639 r
734 1581 946 1662 χαμαιπίτυος·
968 1572 1084 1702 ἁρμόζει
1099 1575 1185 1644 δὲ’
1148 1589 1255 1655 αυτοῖς
1269 1578 1322 1642 καί

279 1672 497 1780 ὀποβαλσάμου
521 1671 595 1761 ὀλοιὴ
618 1673 710 1755 <’
681 1703 721 1755 α,
755 1674 812 1743 oris
829 1673 926 1759 μέλιτι
945 1703 997 1743 και
990 1673 1164 1756 γάλακτι,
1200 1704 1274 1762 μετα
1262 1676 1322 1724 ⁸⁰
1348 1679 1349 1682 ’

276 1782 443 1901 μαρτυρίου
464 1777 517 1842 καὶ
535 1779 685 1896 πιπέρεως
712 1777 765 1841 καὶ
788 1773 924 1861 πηγάνου
949 1779 1013 1897 iope
1034 1776 1185 1863 ὁλκῆς
1152 1806 1208 1847 συν
1230 1781 1321 1865 οἴνῳ·

276 1879 329 1944 sat
347 1882 444 2003 πυτία
462 1876 618 1962 ἐρίφου,
599 1905 618 1962 η
636 1877 798 1956 λαγωου”
779 1906 797 1962 η
818 1882 927 1964 νεβροῦ
947 1875 1001 1943 σὺν
1022 1877 1058 1954 ὀξ
1060 1899 1098 1942 ει·
1126 1883 1179 1945 καί
1200 1847 1323 1966 οιθηρόυ

277 2079 364 2145 lr’'
330 2105 403 2165 οινιρ
425 2083 593 2168 σβεσθέντα
613 2079 661 2157 ⁸¹,
697 2083 753 2145 τοῦ
776 2077 872 2167 ὑγρου
859 2077 1141 2167 λαμβανομένου·
1183 2088 1274 2149 κονία
1293 2106 1326 2148 τε

313 2283 358 2344 73)
378 2284 421 2331 Sic
439 2282 500 2332 ald.
521 2294 546 2329 ct
563 2287 656 2336 Paulis
676 2286 847 2348 καθαρθῆναι
863 2286 938 2331 Asnl.
957 2296 982 2330 et
999 2297 1072 2343 sequ.
1104 2253 1107 2262 ἡ

313 2354 359 2411 79)
371 2352 414 2398 Sic
432 2352 490 2397 cod.
511 2353 652 2403 Cantacuz.
670 2365 696 2398 ct
714 2356 800 2408 Paria,
819 2355 915 2399 Aetius
932 2354 1016 2406 etiam,
1035 2349 1143 2400 Paullus
1158 2363 1185 2402 et
1198 2354 1325 2408 Hermaia

121 2457 125 2468 .
177 2473 182 2482 q
280 2414 388 2477 (λσιζώου
406 2420 542 2464 editiones.

314 2487 411 2554 amsla
431 2487 503 2539 Arda
522 2482 568 2534 σὺν
584 2485 668 2547 μέλιτι
685 2481 701 2549 ἢ
717 2486 761 2534 καί
779 2500 887 2549 νσσιορ.
908 2484 965 2534 atii.

316 2559 361 2614 aa)
379 2556 463 2602 Pauli.
487 2555 618 2634 οβιοθιίς.
1046 2559 1055 2566 ’

280 2737 415 2800 calciare
436 2745 489 2797 est.
524 2733 725 2796 Conveniunt
746 2745 776 2795 at
795 2734 931 2795 locustae
952 2733 1091 2798 marinae
1113 2747 1144 2799 et
1163 2738 1326 2821 gommari,

282 2847 314 2900 et
333 2847 444 2918 potum
466 2854 575 2894 eornm
595 2834 761 2897 iusculum.

365 2936 454 3015 Cap.
476 2934 549 2996 VII.
592 2936 814 3009 [Παυσανίου]
857 2933 1033 3011 Aconitum,
1056 2915 1200 3018 protinus
1220 2951 1256 2999 ut
1277 2938 1328 3000 bi·
1373 2977 1377 2986 »

180 3095 181 3103 ,
280 3035 383 3110 bitur,
413 3035 552 3113 linguam
574 3033 657 3093 dulci
678 3055 788 3114 sapore
811 3056 881 3093 cum
910 3035 1041 3113 quadam
1062 3038 1240 3098 astrictione
1263 3040 1328 3098 im-

281 3134 359 3208 buit,
380 3156 416 3194 ac
436 3133 576 3207 subinde,
598 3135 777 3214 praesertim
800 3157 869 3195 cum
891 3154 1049 3240 assurgere
1070 3148 1233 3210 conantur,
1254 3158 1329 3198 ver-

281 3234 411 3314 tiginem
432 3229 567 3294 inducit:
597 3235 757 3294 oculorum
779 3207 925 3294 humoris
947 3233 1073 3312 prolicit
1094 3246 1124 3294 at
1144 3236 1329 3315 gravitatem

282 3334 402 3415 pectori
422 3332 672 3422 praecordiisque
693 3335 793 3408 affort,
815 3355 885 3394 cnm
906 3333 1037 3392 flatuum
1059 3336 1229 3399 multorum
1252 3358 1330 3396 ern-

213 3507 217 3514 <
282 3434 399 3515 ptione.
460 3433 597 3493 Proinde
627 3454 783 3494 vencnum
811 3433 983 3494 vomitione
1011 3435 1093 3514 abigi
1122 3444 1175 3494 ant
1196 3435 1330 3515 clystere

212 3519 216 3526 ¹
282 3554 341 3615 per
361 3535 467 3596 alvum
488 3532 617 3594 subduci
639 3553 716 3613 opus
740 3543 792 3594 est.
833 3534 1046 3596 Praebibenda
1064 3533 1236 3594 sorbitione
1259 3547 1330 3596 uta-

283 3654 356 3697 mur
382 3629 518 3715 origani,
539 3644 628 3694 rutae
648 3644 701 3693 aut
718 3631 884 3694 marrubii:
914 3633 1062 3694 absinthii
1083 3632 1173 3693 etism
1190 3631 1330 3714 decocto,

284 3754 355 3794 cum
378 3734 453 3793 vino
481 3733 664 3809 absinthites,
700 3748 828 3807 erucae,
864 3732 1024 3808 abrotani,
1060 3732 1256 3793 chamelaeae
1276 3744 1332 3795 aut

285 3834 523 3914 chamaepityos.
570 3832 699 3894 Prodest
719 3832 757 3889 iia
780 3832 949 3893 etiamnum
972 3832 1160 3912 opobalsami
1181 3832 1331 3893 drachma

284 3953 354 3993 cum
378 3935 470 3993 melle
484 3939 537 3991 aut
553 3932 642 4010 lacte,
663 3933 799 4011 itemque
820 3930 960 4004 castorei,
981 3931 1098 4014 piperis
1120 3951 1156 3989 ac
1168 3940 1259 3991 rutae
1273 3952 1333 4013 par

285 4033 406 4115 pondua
428 4054 469 4092 ex
488 4032 579 4093 vinos
608 4042 639 4092 et
659 4032 821 4110 coagulum
843 4029 955 4104 hoedi,
990 4030 1106 4110 leporis
1128 4039 1182 4090 aut
1202 4028 1332 4120 hinnuli

212 4185 240 4200 ,,
284 4151 356 4191 cum
377 4141 478 4191 aceto:
517 4131 628 4192 vinum
658 4151 781 4211 quoqne
808 4140 957 4207 sumtum,
977 4129 1013 4189 in
1034 4152 1095 4211 quo
1116 4127 1217 4191 scoria
1239 4130 1332 4204 ferri,

285 4241 340 4291 aut
359 4230 461 4311 ipsum
485 4229 578 4290 etiam
602 4230 742 4299 ferrum,
769 4230 821 4292 vel
842 4251 953 4291 aurum
975 4241 1176 4312 argentumve
1196 4229 1333 4289 candens
