2817 5009
182 387 185 394 ’
243 387 309 461 tto
556 337 977 447 consumimus

248 538 285 602 Si
305 534 375 622 quis
394 556 433 599 eo
453 534 521 599 solo
542 542 698 608 vescatur,
717 531 811 594 facile
831 529 940 615 capitis
958 529 1082 592 dolores
1101 525 1196 607 ciere,
1217 526 1297 592 hinc

227 671 231 681 ·
247 638 367 702 lactuca
382 636 451 700 fere
463 633 603 709 misceri,
624 632 762 694 Galenus
782 641 828 696 est
848 629 962 694 testis.⁷

295 749 299 762 ⁴
330 736 496 818 sylvestris
516 754 627 808 eruca,
647 751 736 813 qnae,
757 730 792 791 ia
811 731 963 815 Hispania
975 740 1154 814 spontanea,
1176 728 1297 812 sinapis

224 835 318 901 ›loco
332 837 514 910 adhibetur,
534 834 582 900 sil
598 830 763 894 aliudesse
778 831 916 938 videtur,
934 853 1026 913 quam
1043 833 1150 892 eudem
1165 830 1298 913 speeies,

248 937 338 1006 ouius
358 936 478 1004 semina
497 933 632 995 omnino
652 929 769 1012 sinapis
788 932 858 993 vice
878 944 979 993 cutem
1002 932 1211 998 rubefaeiunt.

257 1067 265 1085 *
333 1051 409 1135 Cep.
428 1049 559 1118 CLXX
614 1033 749 1130 ”Ruspo's
778 1048 921 1112 ocimum
942 1068 1006 1109 esse
1030 1061 1170 1110 nostrum
1190 1050 1298 1110 Basi-

249 1153 366 1226 mam,
394 1171 575 1234 persuasum
601 1148 720 1224 haheo,
756 1151 898 1230 quamvis
918 1148 1010 1231 plura
1028 1149 1108 1228 sint,
1142 1170 1221 1229 quae
1242 1170 1299 1211 re-

247 1273 387 1339 pugnare
408 1251 565 1314 videntur.
625 1249 673 1338 Et,
685 1248 822 1330 primum
851 1249 975 1331 quidem
998 1249 1232 1332 Theophrastus
1251 1249 1299 1309 li·

249 1373 358 1437 gnosas
378 1351 496 1413 radices
521 1352 719 1435 lignososqua
749 1350 852 1412 caules
881 1344 1007 1411 tradit.⁸
1067 1350 1118 1411 Ad
1136 1350 1221 1431 quod
1241 1370 1296 1410 re-

249 1453 405 1537 spondeo,
426 1451 612 1516 nouaclum
633 1444 757 1531 ὥκίμῳ,
782 1450 835 1510 sed
856 1448 949 1528 etiam
970 1439 1107 1533 εὖζῶμῳ,
1139 1451 1222 1531 quod
1244 1461 1296 1511 ts-

249 1572 324 1618 men
349 1562 433 1613 certo
460 1572 553 1613 eruca
580 1561 644 1628 est,
683 1549 822 1611 eamdem
851 1547 949 1610 tribui
969 1550 1119 1633 lignosum
1142 1550 1296 1632 indolem.

211 1681 215 1688 ·
248 1652 335 1715 Dein
363 1660 394 1713 et
423 1650 463 1713 ds
482 1647 619 1722 ocimot,
648 1659 679 1711 et
708 1649 748 1710 de
772 1646 921 1723 ricinoffl,
949 1660 980 1711 ct
1010 1651 1050 1711 de
1078 1651 1147 1712 aliis
1168 1651 1295 1734 plantis,

250 1772 330 1834 quaa
344 1770 465 1811 annuae
480 1741 552 1812 sunt
564 1751 599 1812 in
619 1760 787 1832 temperata
799 1750 944 1831 Europa,
965 1750 1159 1812 observatum
1181 1762 1236 1825 est,
1257 1752 1295 1813 in

250 1850 449 1918 calidioribus
464 1849 638 1912 climatibus
654 1850 832 1931 liguescere.
875 1851 925 1914 Ad
942 1850 1018 1912 haec
1034 1851 1197 1933 regesserit
1210 1851 1296 1912 forte
1323 1883 1326 1896 ·

249 1950 419 2034 quispiam,
456 1951 593 2016 ocimum
617 1949 824 2031 Theophrasti
854 1951 987 2013 surculis
1006 1963 1209 2033 propagatum
1228 1972 1297 2013 essa
1348 1997 1360 2022 s

184 2123 186 2136 Ι
249 2060 305 2117 aut
330 2049 572 2133 multiplicatum
600 2049 871 2132 propaginibusv:
906 2050 962 2117 aed
990 2059 1021 2112 et
1038 2049 1101 2132 hoc
1122 2052 1206 2113 haud
1225 2051 1297 2114 sine

251 2150 396 2233 exemplo
423 2151 527 2213 estin
555 2150 667 2212 annuis
694 2161 749 2211 aut
769 2149 939 2216 biennibne
964 2151 1074 2211 saltem
1099 2151 1226 2233 plautius
1266 2172 1295 2213 a.

250 2271 281 2333 p.
313 2247 349 2315 in
376 2249 514 2316 Brassica
547 2248 688 2314 oleraceo
723 2248 851 2332 eiusque
892 2249 1093 2315 rarietmibua
1125 2249 1223 2314 viridi
1257 2271 1296 2316 ac

219 2352 379 2418 ,ballam

333 2450 479 2535 Accedit,
511 2449 597 2534 quod
621 2453 760 2519 bostram
785 2449 968 2513 sententiam
995 2461 1116 2527 tuetur,
1148 2450 1296 2533 impran-

251 2551 329 2617 tiam
350 2552 466 2615 berbas
493 2570 512 2612 a
533 2548 716 2611 Dioscorida
737 2559 899 2632 tantopere
918 2552 1111 2634 praedicari,
1139 2560 1175 2612 ut
1194 2563 1226 2614 et
1245 2553 1298 2613 ol-

251 2654 338 2717 factu
357 2661 599 2717 sternutamenta
618 2650 712 2730 plura
731 2649 860 2712 excitet:
883 2660 914 2715 ct
933 2652 1182 2736 Theophrastum
1205 2643 1298 2734 loqui

253 2754 293 2822 de
313 2755 484 2816 mutatione
505 2748 599 2812 ocimi
618 2748 654 2810 in
673 2748 891 2832 serpyllum.¹⁸
931 2752 1026 2831 Quod
1045 2771 1115 2814 cum
1136 2751 1297 2833 Gargilius

252 2853 407 2916 Martialis
427 2860 565 2934 repetat,
600 2849 702 2926 addit¹
738 2849 832 2912 flores
850 2869 918 2911 esse
936 2850 1028 2910 modo
1048 2843 1223 2933 purpureos
1241 2863 1300 2915 aut
1384 2911 1388 2920 ,

253 2972 377 3029 roseos,
403 2952 497 3013 modo
518 2945 649 3022 albos.¹³¹
688 2948 827 3010 Galenus
847 2951 941 3016 etiam
961 2952 1083 3033 opsonii
1101 2952 1171 3013 loco
1194 2952 1299 3016 inser·

253 3050 324 3120 vire
343 3072 415 3114 cum
436 3051 506 3113 olco
526 3062 557 3114 et
573 3070 647 3133 garo
659 3044 800 3112 tradit.¹⁴

337 3154 401 3222 lam
417 3171 494 3236 varo
513 3151 673 3233 negotium
685 3150 808 3214 facemit
818 3146 954 3213 ocimum
966 3149 1191 3230 Romanorum,
1213 3166 1300 3218 certe

255 3246 414 3316 diversum
442 3245 614 3329 a'nostro,
649 3270 722 3314 cum
743 3250 891 3331 pabulum
911 3261 989 3313 esset
1008 3253 1142 3315 mixtum
1162 3278 1181 3315 e
1201 3258 1300 3319 variis

255 3350 377 3429 herbis,
415 3361 446 3412 et
473 3349 518 3414 ita
545 3352 587 3412 ob
618 3350 807 3412 celeritatem
843 3351 1050 3433 proveniendi
1066 3349 1299 3416 ¹vocitatum.¹³

257 3451 470 3535 compositum
489 3450 586 3514 fuisse
606 3471 625 3511 e
643 3451 732 3527 faba,
752 3451 833 3514 vicia
853 3460 884 3513 et
905 3452 1032 3520 ervilia,
1053 3453 1191 3517 admixta
1203 3457 1300 3518 etiam

257 3554 371 3619 melius
391 3571 490 3613 avena
511 3572 635 3634 graeca,
655 3551 778 3616 Plinius
798 3551 910 3613 diserte
930 3552 1069 3619 ᾶοοοῑ.16
1241 3613 1244 3618 ,

341 3653 446 3718 Grave
465 3651 546 3718 illud
566 3651 733 3717 discrimen
752 3651 972 3718 instauratores
998 3654 1046 3717 rei
1064 3653 1243 3732 herbariae,
1270 3680 1300 3723 e.

259 3799 471 3826 σιν-ψ·-

293 3891 376 3952 7)Ds
393 3885 532 3936 traam.
552 3887 697 3948 Madau.
801 3888 912 3954 alffltt·
933 3892 971 3949 pl.
992 3905 1024 3960 r,
1041 3892 1068 3941 6.
1142 3913 1146 3930 ·

293 3954 324 4019 9)
341 3958 432 4006 Baton.
449 3970 508 4015 app.
524 3955 557 4002 ad
574 3958 643 4003 ctus.
660 3956 726 4002 hist.
743 3970 770 4016 p.
789 3965 846 4008 ua.
880 3959 1001 4010 Forstsot.
1022 3957 1049 4008 tl.
1067 3971 1121 4022 seg.
1136 3976 1165 4022 p.
1178 3961 1301 4013 Μίνω.

246 4049 250 4056 «
294 4022 336 4086 ro)
353 4022 466 4071 Brocchi
481 4024 511 4070 tu
527 4024 598 4073 Bibt.
615 4025 673 4083 teat,
694 4034 767 4079 raca.
785 4024 851 4070 Mai.
869 4042 896 4087 p.
914 4038 973 4087 αις.

296 4092 569 4150 rs)11ist,pl.7.a.
671 4088 712 4155 aa]
731 4094 817 4142 crass.
836 4095 874 4151 pl.
893 4103 968 4152 Μ.
1078 4114 1084 4124 ·

297 4158 536 4219 13)Psllad.Apr.
556 4169 584 4214 ὅ.
687 4163 731 4217 ¹4)
747 4162 787 4206 De
802 4159 853 4209 sao.
874 4163 944 4210 alim.
964 4176 990 4214 a.
1009 4178 1036 4231 p.
1054 4164 1129 4226 640.-

297 4225 422 4289 15)Caso
441 4240 466 4275 c.
483 4239 526 4285 s7.
544 4234 587 4286 54,
621 4227 702 4276 Varro
719 4227 751 4276 de
766 4242 794 4282 rs
806 4239 872 4286 rust.
890 4243 917 4287 s,
936 4243 978 4289 ῃ.

301 4294 345 4356 1⁶)
360 4295 547 4353 Lib-1824&
597 4303 604 4312 ’
