2817 5009
260 363 324 433 ουρ
575 337 988 426 constructurus

341 513 416 595 Cap
431 511 536 574 LXX.
561 512 671 593 Psyllii
691 533 860 593 cognomen
881 514 1031 596 punicum
1054 524 1099 578 cst
1118 505 1306 596 corruptum

259 633 416 692 arabicum
437 621 554 714 ᾧ)
586 631 782 710 (bargutss‘),
823 615 1012 712 quod‘bene
1038 634 1102 692 iam
1129 633 1306 694 Bochartus

260 726 396 792 docuit⁴
436 735 545 793 Picuta
563 733 631 814 ipsa
651 730 734 798 nihil
754 731 847 800 habet
865 732 1070 794 difficultatis:
1097 745 1143 796 est
1162 735 1306 794 Planta-

256 833 481 916 goPsylls‘nm.

254 965 258 972 ’
343 950 418 1032 Cap.
438 950 557 1010 LXXI.
618 947 765 1029 strychni
794 947 947 1010 hortensis
980 971 1095 1012 nomen
1122 948 1303 1030 aegyptium

258 1052 297 1111 ab
325 1050 505 1134 herpctibus
533 1049 659 1112 sublatis
685 1060 789 1109 ortum
816 1049 957 1117 duxisse,
985 1050 1111 1110 Roscius
1138 1045 1302 1110 testatur.⁵

172 1146 176 1162 ⁶
258 1153 383 1213 Nomen
411 1146 562 1233 punicum
583 1161 629 1210 est
647 1157 759 1228 ³2²2th
783 1164 875 1240 Ἃρ,
905 1148 1000 1214 herbo
1024 1154 1175 1227 Esmuns',
1219 1149 1242 1210 i.
1270 1168 1300 1208 c.

258 1248 470 1333 sponsus
667 1255 669 1258 ·
713 1230 719 1241 '

343 1352 469 1412 Dicitur
489 1360 591 1411 autem
613 1348 965 1430 hortensisstrychuos,
1004 1369 1070 1414 non
1091 1348 1164 1431 qnia
1185 1350 1302 1410 colitur

258 1451 295 1514 in
315 1450 430 1525 hortis,
458 1452 511 1511 sed
531 1452 604 1531 quia
619 1452 665 1511 ibi
686 1460 717 1510 ct
732 1450 766 1510 in
779 1450 859 1510 locis
879 1451 968 1511 cultis
986 1450 1133 1530 frequens
1153 1460 1184 1508 et
1204 1469 1300 1529 spou-

259 1562 368 1613 tancus
390 1562 443 1612 est.
484 1553 669 1611 Habuerunt
685 1570 792 1610 omncs
813 1569 872 1629 pro
891 1551 1005 1609 Solimo
1021 1553 1124 1630 nigro,
1143 1562 1205 1624 aut,
1224 1550 1300 1610 dum

259 1652 368 1715 fulvae
382 1663 454 1712 sunt
468 1652 577 1711 baccae
592 1661 740 1726 maturas,
755 1651 818 1718 Sol.
832 1652 968 1712 miniato
980 1651 1095 1712 Bernb.

346 1765 419 1850 Cap.
442 1768 581 1829 LXXII.
644 1766 814 1846 strychnos
842 1766 1035 1826 halicacabas
1072 1776 1118 1828 est
1143 1767 1300 1846 Physals's

258 1870 448 1949 Albokecgi‚
491 1868 580 1928 cuius
605 1887 720 1928 nomen
749 1887 894 1948 graccum
914 1857 1097 1950 ἆλικάκαβος
1116 1889 1135 1927 a
1154 1862 1300 1951 ια’καβος,

258 1983 404 2050 sartago,
419 1969 493 2040 olla,
513 1978 616 2026 ortum
638 1965 733 2036 ducit,
753 1968 900 2048 quoniam
919 1969 1037 2047 calyces
1055 1967 1216 2030 fructiferi
1230 1989 1299 2028 earn

214 2113 216 2117 -
258 2072 393 2132 formam
415 2069 573 2149 praebent.
615 2068 660 2128 Es
680 2088 745 2128 vox
765 2070 847 2127 mals
867 2069 979 2148 scripta
999 2068 1120 2128 transiit
1140 2068 1175 2127 in
1195 2068 1301 2128 arabi-

260 2189 330 2248 cum
363 2166 522 2279 (extimi
543 2183 818 2265 (alcamenes),
861 2185 945 2266 quod
972 2184 1008 2246 in
1031 2183 1159 2246 nominc
1180 2184 1302 2245 triviali

259 2298 408 2369 superest.

328 2402 418 2487 ·Cap.
446 2403 595 2470 LXXIII.
657 2400 835 2481 strychnon
859 2400 1065 2472 somniferum
1094 2400 1242 2464 Clusius²
1269 2412 1302 2464 ct

260 2529 330 2568 oum
354 2527 391 2567 co
411 2505 552 2588 plerique
573 2504 748 2564 babuerunt
769 2521 827 2582 pro
848 2499 1023 2582 Physalide
1036 2503 1214 2584 somnifera.
1234 2505 1300 2563 Re-

259 2607 413 2689 spondent
439 2605 548 2685 utique
576 2602 695 2675 omnia,
736 2601 763 2660 si
783 2603 944 2662 recesseris
965 2623 984 2661 a
1003 2602 1098 2664 flore:
1138 2602 1192 2662 hic
1212 2605 1299 2664 enim

260 2730 324 2770 non
345 2707 468 2789 grandis
487 2716 533 2765 cst
553 2713 582 2764 ct
602 2703 714 2776 ruber,
735 2702 789 2762 scd
808 2723 923 2786 parvus
944 2712 976 2761 et
998 2702 1141 2782 pallidus.
1192 2705 1300 2784 ltaque

260 2820 291 2869 et
311 2811 542 2886 Ilyoscyamum
568 2803 759 2880 Scopolc'om,
789 2801 822 2861 in
844 2823 917 2882 agro
937 2803 1108 2863 Goriticnsi
1127 2803 1299 2877 inventam,

214 2903 221 2916 ’
259 2906 442 2967 Matthiolus
462 2906 569 2965 Solani
588 2901 751 2962 somniferi
772 2903 899 2962 citerius
918 2903 1046 2964 nomine
1066 2902 1217 2992 delineari
1239 2924 1297 2962 cu-

258 3005 373 3069 ravit.⁸
415 3006 523 3067 Obstat
545 3016 650 3072 tamen
669 3012 699 3062 et
720 3002 772 3061 hic
792 3003 913 3063 fructus
933 3003 1036 3078 color,
1069 3002 1123 3083 qui
1142 3024 1206 3063 non
1227 3023 1299 3063 cro-

259 3130 351 3178 ceus,
389 3106 444 3167 sed
464 3104 810 3184 nigrovpurpuraaccus
838 3113 891 3162 est.
953 3104 1059 3184 Itaque
1078 3104 1113 3163 iu
1132 3104 1300 3183 Physalidc

258 3207 428 3270 somnifera
446 3203 691 3288 subsistendum,
713 3211 744 3263 et
765 3201 851 3261 floris
871 3204 957 3263 color
977 3224 1017 3263 cx
1037 3225 1143 3270 errore
1163 3189 1299 3266 auctoris

257 3311 325 3370 sive
357 3327 376 3367 e
406 3305 577 3386 sphalmate
605 3302 807 3365 librariorum
834 3304 1043 3383 exponendus.
1102 3305 1157 3365 Est
1189 3307 1297 3368 cadem

258 3404 401 3493 στρύχνος
422 3399 563 3485 ἐδώδιμος
579 3398 826 3485 Theophrastiss:
846 3404 955 3474 baccae
976 3405 1060 3464 enim
1080 3406 1297 3479 comeduntur,

258 3523 289 3574 ct
310 3503 527 3581 hmmsuic¹⁰,
563 3505 652 3566 cuius
678 3504 844 3583 descriptio
865 3524 935 3563 cum
957 3503 1148 3578 Dioscuridis
1170 3506 1296 3585 quidem

258 3611 409 3692 congruit
450 3608 512 3669 sed
533 3606 572 3667 de
595 3605 673 3664 flore
689 3603 773 3663 nihil
790 3604 945 3683 praedicat
960 3605 1205 3688 Theophrastus,
1227 3606 1298 3668 {ru-

257 3725 341 3778 ctum
363 3720 465 3771 autem
485 3707 580 3768 tradit
599 3725 663 3766 csso
683 3693 887 3786 ἐρυθρότερον
904 3695 1025 3767 κόκκου.

339 3827 412 3911 Cap.
433 3826 583 3890 LXXIV.
622 3818 779 3907 Στρύχνον
806 3814 931 3903 μανικόν
950 3823 1095 3906 proxime
1117 3825 1237 3892 accedit
1259 3824 1298 3886 ad

258 3986 472 4004 *-

293 4083 321 4142 t)
342 4085 404 4129 ⁰³11·
421 4096 446 4140 r·
464 4085 524 4137 769·
635 4084 661 4136 s)
677 4079 710 4123 L·
729 4092 754 4125 c·
772 4092 798 4135 s·
815 4083 840 4133 t·

294 4155 320 4208 6)
338 4154 455 4196 Damaso.
473 4147 543 4205 apud
559 4146 635 4192 Pbct.
655 4147 715 4195 cod.
734 4153 793 4201 242.
813 4159 838 4203 p.
861 4155 918 4198 sss.

295 4225 322 4276 a)
340 4219 409 4264 Clus-
428 4218 489 4262 hist·
510 4230 534 4263 s·
555 4230 580 4272 s·
594 4227 634 4271 ss·
739 4214 766 4274 8)
783 4215 814 4259 Β·
833 4227 856 4260 0·
876 4230 900 4272 r·
913 4219 997 4281 753·-

295 4292 324 4343 9)
341 4285 407 4332 nist.
427 4286 463 4343 pl.
483 4297 508 4342 7,
523 4297 547 4343 7.
570 4291 608 4336 ιε.
712 4283 862 4340 ro)1b.9‚
885 4296 925 4330 rr.
