2817 5009
164 470 170 491 ,
277 380 342 450 ooo
589 368 1007 463 conrnune-Anaua

498 640 1092 773 ANNorariroNsss

390 847 456 909 orl
496 850 714 938 tibrum
753 850 885 941 περὶ
925 814 1207 941 lodii-or,

278 1052 370 1114 quem
394 1032 488 1115 rirlgo
508 1035 671 1115 septimum
690 1035 884 1098 Dioscuridis
903 1046 934 1099 et
947 1033 1015 1121 armi
1029 1034 1210 1121 θῃριακῶν,
1231 1057 1333 1119 pne-

247 1154 251 1167 ·
277 1144 589 1215 posteroutrumque
610 1135 757 1211 consilio,
777 1149 901 1199 vocant.
1066 1130 1069 1139 ⁴

355 1289 392 1349 .p.
414 1264 465 1329 44.
484 1289 509 1331 a.
531 1267 642 1328 Omnis
664 1266 742 1328 haec
763 1270 986 1349 argumentatio
1006 1271 1046 1336 de
1064 1291 1129 1332 non
1150 1279 1226 1357 apta
1246 1290 1332 1353 προς

276 1368 459 1452 φυλακτικῆς
476 1390 494 1428 a
514 1368 718 1459 θερρεπευτικῇ
738 1371 940 1450 separatione,
956 1371 1103 1431 adversus
1122 1369 1331 1430 Methodicoe

277 1472 345 1529 eius
364 1458 470 1530 aetatis
488 1469 644 1542 instituta,
685 1468 814 1547 argutiis
834 1469 943 1550 plena,
983 1469 1200 1552 pneumaticae
1221 1480 1330 1539 sectae

275 1571 432 1646 addictum
454 1567 653 1629 fuissehuno
673 1578 848 1642 auctorem,
879 1570 995 1650 probat.
1036 1569 1200 1648 Siquidem
1220 1590 1331 1650 pneu-

194 1721 200 1737 ,
275 1670 397 1743 matici,
417 1668 527 1748 quibua
548 1666 652 1726 omnia
672 1668 897 1748 propemodum
917 1669 1090 1728 Stoicorum
1111 1668 1240 1729 decreta
1256 1670 1329 1750 pla-

203 1770 207 1779 '
275 1754 437 1841 cebanum*
472 1767 510 1827 ab
531 1765 580 1825 his
601 1776 631 1837 et
651 1762 853 1847 Erasistrato,
895 1768 1136 1857 quemmaximi
1158 1768 1330 1829 aestimare

274 1869 461 1949 gestiebant,
484 1865 655 1939 doctrinam
677 1865 716 1926 de
736 1857 904 1951 πνεύματος
915 1868 1091 1950 principatu
1100 1866 1140 1942 ,²²
1160 1866 1330 1928 omnium·

276 1990 337 2048 que
366 1956 545 2040 morborum
572 1966 645 2026 sede
672 1966 707 2026 in
735 1988 772 2027 eo
803 1954 969 2050 deprarato
997 1968 1192 2048 quaerenda,
1233 1986 1328 2026 auam

272 2058 423 2132 'fecerant
464 2069 538 2137 Erat
558 2079 661 2133 autem
688 2077 719 2127 et
741 2068 851 2128 Stoicis
871 2078 902 2128 et
924 2066 1130 2128 Pneumaticis
1154 2067 1329 2128 familiaria

276 2170 426 2252 quaedam
447 2167 598 2239 sermonis
617 2166 794 2247 prolixitas,
829 2189 922 2247 quam
942 2160 1203 2252 ἀπεραντολογίαν
1224 2166 1328 2227 Gale·

275 2258 336 2331 nus
369 2290 433 2328 non
469 2269 551 2347 male
585 2263 800 2347 nuncupat,²³
841 2278 873 2327 et
909 2268 1100 2348 argutiarum
1138 2268 1327 2329 dialectica·

274 2374 347 2432 r'um
375 2369 496 2429 ubertas
526 2376 557 2427 et
576 2366 810 2429 altercationum
829 2367 1066 2448 sophisticarum
1085 2388 1195 2444 amor,
1226 2388 1326 2448 quem

275 2468 397 2548 saepius
431 2475 462 2526 et
498 2467 609 2526 aeriter
643 2467 769 2546 quidem
793 2450 943 2527 'Galenus
977 2468 1142 2550 rimperat.
1202 2468 1326 2539 Earum

215 2566 217 2573 '
275 2556 352 2635 vero
380 2566 603 2648 proprietatum
631 2585 696 2626 uon
716 2587 814 2649 pauca
839 2578 913 2647 aaut
939 2579 970 2631 et
989 2567 1025 2647 ia
1046 2568 1103 2632 hac
1123 2567 1326 2651 praelatione

274 2660 401 2743 iudicia.
735 2740 740 2755 Ι

357 2783 503 2864 Protinus
524 2799 600 2853 vero
622 2783 761 2860 refutare
782 2794 912 2861 conatur
934 2794 1041 2848 auctor
1060 2806 1129 2862 eos,
1165 2784 1224 2868 qui
1242 2807 1324 2871 πρᾳ-

275 2879 459 2984 quiescenda,
476 2906 494 2943 a
514 2885 715 2976 θεραπευτικῇ
736 2884 933 2963 distinguant.
988 2884 1115 2945 Scilicet
1133 2885 1323 2964 Methodici,

277 3007 383 3049 omnes
405 2984 528 3043 morbos
549 3005 567 3042 a
586 2984 668 3055 laesa
689 2979 792 3061 dysme
819 3008 844 3052 a.
865 2985 1090 3046 molecularum
1110 3005 1225 3066 corpus
1244 3006 1324 3048 eoa·

276 3085 468 3152 stituentium
488 3084 526 3144 ad
548 3076 664 3165 πόρους
683 3080 741 3145 seu
760 3085 889 3165 spatiola
908 3084 1028 3146 ratione
1047 3083 1204 3165 proficisci
1224 3097 1323 3146 autu·

276 3200 411 3262 mantea,
431 3186 588 3246 laxitatem
605 3204 730 3266 quoque
751 3195 782 3245 et
794 3185 969 3246 stricturam
990 3178 1170 3265 κοινότητας
1188 3207 1213 3245 s.
1233 3206 1323 3245 eom-

275 3292 441 3355 munitates
466 3285 643 3359 linxerunt,
687 3283 799 3364 quibus
827 3285 902 3366 duas
932 3284 1156 3365 therapeuticac
1185 3285 1321 3371 regulas,

276 3390 315 3459 rh
333 3386 448 3476 χαλᾶν,
477 3385 601 3460 lauare,
630 3395 661 3446 et
681 3379 828 3459 arillae,
860 3383 1089 3464 constringere,
1122 3396 1322 3465 superstrue-

275 3506 355 3560 10nt.
418 3484 550 3566 Quando
574 3505 649 3545 vero
670 3485 770 3547 cuivis
791 3494 889 3567 patet,
930 3504 989 3546 neo
1011 3496 1154 3545 externas
1173 3484 1321 3559 iniurias,

276 3614 336 3657 neo
354 3591 432 3653 ritia
453 3587 490 3645 ab
513 3585 562 3645 his
582 3568 750 3666 producta,
783 3585 999 3645 cohaerentiae
1018 3584 1231 3667 potissimum,
1261 3584 1321 3643 sub

277 3696 359 3759 hooc
378 3680 562 3770 κοινοτήτων
589 3685 759 3749 dictionem
786 3685 895 3745 cadere
915 3704 1022 3764 posse,
1058 3685 1227 3744 commenti
1246 3693 1323 3745 suut

277 3789 450 3859 Methodici
463 3787 650 3868 chirurgicus
671 3784 924 3858 communitates,
946 3804 965 3842 a
981 3784 1201 3864 therapeuticia
1213 3783 1322 3844 omui·

277 3916 320 3965 uo
349 3868 473 3953 alienas.
533 3887 607 3948 Pari
632 3884 725 3947 etiam
745 3885 837 3957 modo
857 3885 981 3957 morbos
1008 3905 1027 3945 a
1055 3883 1234 3962 veneficiis,
1267 3898 1324 3947 aut

190 4020 197 4035 Ι
278 4038 488 4064 μ,-

312 4125 355 4192 ar)
372 4129 463 4173 Galen.
482 4122 513 4169 de
533 4120 751 4180 (litteratorium.
769 4129 794 4175 3.
814 4135 841 4178 p.
852 4120 913 4178 ⁶4⁹·

314 4210 465 4268 aa)1d.de
483 4210 595 4268 dogmat.
612 4207 691 4266 nipp.
709 4215 737 4253 at
751 4206 817 4253 Plat-
835 4215 860 4252 a.
878 4220 907 4265 ρ.
926 4212 982 4262 tat.

315 4306 361 4353 σε)
380 4300 420 4354 lb.
441 4308 465 4352 r·
483 4308 510 4352 a·
528 4298 584 4355 ⁶¹⁵·
