2817 5009
152 362 156 369 ’
248 344 712 456 ικύιοεοοιιωΕΜ.
752 388 792 453 v.
813 384 1000 453 140-145.
1037 352 1046 367 ‘⁵
1080 389 1146 461 oso

139 490 146 505 i
188 542 264 629 Gap
279 542 407 607 CXLII.
467 540 591 623 Pyritea
617 539 804 605 nostratibus
825 541 1016 623 Kepferkiee
1036 543 1143 624 appel-

101 648 206 725 latur,
238 646 360 707 minero
377 642 450 705 antia
468 643 625 724 vulgario,
661 643 700 704 ad
721 643 858 723 chalybis
876 642 975 704 aciem
993 643 1142 705 scintillae

2 740 3 743 ¹
101 748 219 823 edem,
260 744 418 831 variisque
437 742 515 805 lutei
533 741 647 805 colaria
665 742 766 804 modia
786 744 961 823 conspicua.
1021 744 1143 824 Quodai

101 838 276 922 crematui,
309 865 441 927 cuprum
462 843 541 905 aiatit
559 864 631 905 curn
651 843 775 906 aulfure
794 844 979 924 oxydatnm,
1010 845 1144 937 ideoque

98 946 229 1010 irritans
248 956 340 1027 atque
360 945 544 1025 abstergens.

187 1046 412 1130 capcxnllt
453 1043 643 1107 Haematitea
661 1051 707 1104 eat
726 1042 846 1105 minere
867 1042 957 1120 ferri,
977 1066 1055 1125 quae
1076 1045 1142 1110 fer·
1227 1040 1239 1099 ι’

102 1168 178 1210 rom
205 1147 374 1228 oxydatum
399 1141 586 1207 eontinet.⁰ss
648 1144 850 1225 Adranngere
873 1144 971 1226 igitur
989 1145 1084 1206 eimul
1106 1170 1143 1210 ao

101 1248 251 1311 roborare
269 1246 361 1307 valet.
401 1246 450 1309 Ad
468 1245 626 1329 aanguinia
645 1254 749 1305 autem
768 1243 968 1306 reiectionem
988 1245 1146 1326 copiosam

102 1347 188 1409 nihil
209 1347 316 1409 utilius
337 1345 516 1408 Alexander
540 1345 719 1407 Trallianus
747 1342 871 1405 invenit
894 1344 1082 1423 haematite,
1115 1350 1144 1410 ai

103 1448 198 1511 modo
220 1448 255 1508 in
274 1445 508 1509 subtiliaaimum
527 1446 689 1528 pulverem
709 1441 849 1506 redactae
870 1443 1018 1508 luerit.⁰⁷
1058 1450 1145 1511 Scri·

103 1548 195 1631 puloa
228 1547 352 1609 circiter
376 1556 510 1628 quatuor
535 1567 607 1608 cnm
636 1564 728 1605 succo
754 1542 831 1603 mali
858 1545 968 1626 punici
990 1546 1143 1611 exhibuit.
1252 1556 1254 1565 ’

102 1647 241 1725 Nuperia
268 1667 345 1709 vero
371 1646 562 1728 temporibus
589 1636 779 1706 extrinsecae
798 1643 902 1723 potina
927 1645 966 1705 ad
994 1647 1144 1710 cobiben-

103 1747 179 1809 dun
200 1747 357 1829 sanguinis
378 1767 396 1806 e
415 1747 541 1807 naribua
561 1765 685 1806 curaum
709 1743 920 1805 commendari
940 1746 1118 1810 memini.⁶8

73 1846 82 1857 ’
148 1867 151 1874 ·
188 1846 263 1928 Cap.
285 1846 426 1909 CXLIV.
488 1844 626 1907 Schiatue
651 1843 731 1925 lapia
761 1844 810 1905 nil
836 1844 898 1904 niei
917 1847 1049 1909 varietas
1067 1848 1145 1912 hae·
1229 1858 1234 1865 '
1263 1918 1266 1925 ,

102 1947 219 2010 matitia
244 1946 356 2008 libroaa
374 1948 517 2024 videtur,
554 1966 634 2027 quae
660 1943 811 2004 ochraceo
840 1945 946 2006 colore
970 1946 1160 2027 insignitur.

102 2050 195 2111 Hanc
208 2046 318 2108 iisdem
333 2048 482 2109 obvenire
502 2046 589 2113 locis,
603 2043 715 2125 quibua
736 2051 767 2104 et
787 2043 966 2106 haematites
985 2045 1062 2127 ipae,
1080 2048 1144 2110 iam
1217 2110 1221 2137 ὁ

103 2148 250 2229 Agricola
270 2147 383 2209 docuit.
391 2143 423 2187 ⁰⁹
463 2146 623 2208 Infirmior
637 2154 683 2207 eet
699 2143 816 2225 priori,
838 2145 1045 2225 quodminus
1065 2171 1145 2231 oxy·

104 2248 210 2309 datum
233 2248 371 2309 continet
391 2232 522 2321 ferrum,
543 2245 628 2306 unde
648 2243 741 2304 etiam
761 2245 840 2325 ignia
862 2246 896 2306 vi
917 2247 1045 2327 adipisci
1065 2272 1145 2331 quo-

31 2384 33 2394 ι
103 2346 269 2408 dammodo
289 2348 376 2409 illiue
396 2359 538 2408 naturam
559 2356 667 2426 potest.
716 2348 767 2407 An
787 2345 955 2408 etiamnum
975 2349 1009 2407 in
1030 2349 1146 2431 Hispa-

102 2450 159 2510 nia
178 2458 209 2508 et
220 2448 382 2509 Lusitania
400 2446 448 2528 (ἓν
467 2448 505 2539 τῇ
524 2440 605 2509 κατὰ
628 2440 759 2529 ἑσπέραν
777 2439 907 2531 Ἰβηρίᾳ)
919 2458 1070 2525 occurrat,
1087 2471 1146 2512 ne-

2 2628 3 2631 *
102 2549 185 2609 acio:
214 2548 267 2608 aed
288 2548 323 2608 in
342 2547 491 2608 bohemia
509 2547 645 2629 vulgaria
666 2559 721 2610 eet.
733 2544 764 2588 ⁷⁰

187 2652 261 2737 Cap.
281 2656 409 2717 CXLV.
467 2658 518 2717 De
538 2666 643 2737 gagate
669 2655 778 2738 lapide
793 2642 923 2737 insignia
942 2664 1041 2717 exatat
1058 2656 1145 2718 loona

102 2755 185 2838 apud
207 2750 407 2816 calenum.²¹
468 2757 515 2832 Ia,
541 2757 616 2816 licet
636 2778 733 2839 parva
751 2757 897 2819 navicula
917 2757 1012 2816 totino
1028 2757 1145 2836 Lyciae

100 2858 197 2920 litora
216 2855 344 2935 legerit,
374 2855 459 2916 haud
478 2870 582 2919 tamen
602 2859 746 2920 meminit
764 2856 897 2917 fluvium
918 2856 1035 2937 Gagam
1055 2859 1146 2919 inve·

101 2959 175 3041 nire
194 2977 227 3017 ae
247 2975 345 3037 ponae.
386 2955 448 3014 Sed
466 2956 602 3037 lapidem
621 2959 717 3019 iatum
736 2960 771 3019 in
792 2954 983 3038 Coelcayria,
1004 2957 1042 3017 ad
1061 2978 1145 3017 mor·

102 3067 193 3117 tuum
215 3038 315 3129 niare,
338 3054 496 3136 copiosum
516 3058 685 3140 conspexit.
745 3058 789 3121 At
809 3059 908 3120 multo
928 3058 1025 3137 magia
1047 3057 1143 3119 diffu-

102 3177 175 3217 enm
203 3176 260 3236 per
281 3155 387 3236 plurea
404 3157 548 3237 Europae
567 3159 710 3239 regiones
730 3166 836 3216 noatra
857 3165 939 3216 aetas
959 3177 1031 3216 enm
1052 3157 1144 3217 invo-

102 3256 160 3317 nit.
201 3256 254 3315 Eat
274 3253 413 3315 bitumen
435 3256 558 3329 fossile,
578 3256 732 3330 aolidem,
758 3254 842 3336 quod
861 3255 990 3319 eandem
1011 3277 1082 3317 cum
1101 3258 1144 3318 li·

101 3354 286 3423 thantbrace
307 3375 325 3414 e
350 3366 514 3436 protogaea
541 3355 634 3417 babet
659 3356 821 3438 originem.
885 3356 1012 3417 Praeter
1032 3358 1141 3418 carbo-

103 3475 178 3515 nem
206 3463 299 3516 acatet
324 3456 394 3515 olco
423 3456 567 3518 aethereo
594 3458 801 3539 graveolente.
861 3456 898 3517 Id
921 3467 1045 3525 autem,
1067 3456 1141 3517 dum

102 3554 297 3633 accenditur,
330 3557 456 3617 nervosi
482 3558 652 3637 systematis
677 3557 829 3619 tumultus
858 3555 1000 3617 co'e'rcera
1029 3565 1060 3617 et
1087 3576 1141 3617 re-

100 3653 309 3714 aolutionibua
340 3655 458 3718 auxilio
484 3677 568 3736 eoae,
610 3678 749 3741 nuperae
781 3654 1005 3719 confirmarant
1036 3657 1142 3718 obaer-

99 3754 254 3818 nationes.

140 3972 186 4027 66)
204 3972 368 4025 iterante.
386 3987 413 4023 a.
430 3990 456 4036 ⁴·
472 3993 498 4038 p.
518 3989 562 4036 aa.
595 3975 702 4026 sreffena
719 3982 738 4027 1.
756 3992 781 4028 o.
797 3984 824 4037 a·
842 3992 870 4038 p.
890 3976 1015 4036 synon.

139 4043 184 4095 67)
203 4040 263 4085 Lib.
281 4053 307 4097 7.
326 4057 352 4100 p.
374 4053 433 4096 500.
463 4047 613 4096 Actoriodoe
637 4044 667 4097 dl
682 4043 765 4097 αὐτὸν
781 4042 853 4096 πάνυ
875 4041 931 4112 δεῖ,
960 4035 1141 4111 &tenedon

101 4108 227 4175 yteaodou
245 4110 289 4156 aab
307 4104 422 4175 daooidq,
439 4114 483 4164 aab
499 4112 631 4181 πνεύματι
646 4111 755 4178 arleium
768 4111 850 4166 eleae.

139 4176 184 4229 63)
201 4178 233 4227 u.
250 4180 283 4223 A.
300 4178 383 4236 Vogel
396 4181 459 4228 hiat.
484 4194 547 4232 mat.
564 4184 630 4235 med.
647 4198 674 4242 p-
690 4185 751 4242 40⁶.
772 4220 779 4236 .

139 4241 185 4302 69)
202 4246 242 4289 Do
257 4255 312 4293 nat.
331 4242 416 4297 fouit.
435 4264 461 4307 p.
481 4260 540 4306 asa.
646 4259 691 4314 70)
713 4254 793 4300 neura
810 4261 836 4299 et
852 4245 960 4298 staffem
978 4248 1034 4300 l.c.

138 4318 184 4368 71)
202 4312 242 4359 Da
259 4309 309 4361 iac.
329 4315 413 4377 simpl.
430 4330 456 4377 9.
474 4332 501 4380 p.
518 4328 579 4375 aas.
980 4322 982 4327 ’
