2817 5009
219 169 233 210 lp
289 183 297 198 x

248 391 313 463 tte
563 334 983 485 commarcarum

254 540 412 608 Sieberiae
436 557 539 623 nuper
564 556 665 620 prope
689 538 811 621 ioppen
840 534 998 600 invenisse
1016 535 1157 615 videtur,
1177 538 1299 599 asmo·

107 649 112 658 “
214 631 227 724 's
255 666 323 707 eam
334 651 484 724 agrestem
497 645 893 720 nnnoupans‚qunetaaren
906 639 1011 720 potine
1019 638 1299 720 Prosopisepecies

256 755 310 807 eet.
352 741 413 803 Sed
433 738 516 800 nihil
536 737 701 799 innotescit
730 738 770 799 de
790 737 915 818 myrrha
943 758 983 798 ex
1002 737 1063 798 boo
1090 737 1206 799 frutice
1226 757 1298 797 ma·

255 853 358 908 nante.
396 839 544 913 Bruoins,
573 856 643 899 enm
664 836 859 916 Abyssiniam
879 837 993 913 obiret,
1024 837 1192 920 eregione
1210 857 1301 917 myrb

256 943 377 1012 rbifera
396 937 586 999 ramusculos
606 939 689 998 solos
717 936 851 1019 accepit,
892 936 1046 998 Mimoaae
1072 946 1126 998 aut
1154 935 1299 1009 Aeneiae,

257 1064 351 1127 quam
373 1035 464 1100 Sesea
483 1035 663 1118 appellarit3
689 1037 745 1098 sed
763 1034 883 1120 gummi
904 1038 1084 1119 producere
1102 1031 1252 1113 testatur,
1277 1053 1301 1096 ι

257 1142 385 1226 myrrha
403 1132 722 1219 longe‘direrenm.²³

222 1323 232 1334 ,
339 1270 516 1354 Descriptio
536 1269 746 1350 myrrbilerae
765 1262 883 1333 arboris
905 1269 989 1353 apud
1007 1279 1126 1333 veteres
1145 1267 1219 1329 salle
1240 1285 1300 1329 va·

258 1378 307 1443 ria
328 1386 382 1436 est.
422 1370 654 1452 Theophrastus
676 1392 695 1430 e
715 1382 922 1432 mercatorum
941 1371 1045 1431 sinum
1059 1369 1226 1434 Arabicum
1241 1387 1302 1428 na-

256 1475 428 1560 vigantium
448 1470 626 1533 testimonio
647 1469 793 1562 fruticem
808 1491 872 1531 essa
893 1470 1046 1531 ‘bnmilem
1067 1470 1179 1544 tradit,
1206 1478 1301 1528 tran-

259 1600 297 1640 co
317 1576 413 1648 duro,
435 1590 492 1653 per
512 1575 631 1631 terram
648 1581 754 1648 strato,
766 1563 887 1642 crasso,
908 1570 987 1631 folio
1008 1569 1212 1632 Andreebnes
1232 1567 1301 1628 lae-

258 1675 303 1740 vi.
350 1670 439 1734 Alios
463 1678 602 1750 artoptas
632 1668 719 1745 citat,
754 1668 810 1750 qui
838 1670 997 1750 spinosum
1035 1670 1181 1732 fruticem
1208 1667 1303 1729 vide-

258 1775 324 1837 rint
344 1770 379 1833 in
410 1769 566 1830 montibus
592 1770 722 1830 arabicis
749 1787 847 1851 prope
873 1771 1013 1830 Heroum
1035 1781 1175 1851 portum,
1213 1768 1302 1830 foliis

179 1935 183 1942 x
259 1872 359 1946 ulmi,
398 1870 453 1932 sed
480 1867 606 1951 crispis,
648 1870 736 1952 spice
760 1869 964 1945 mucronatis,
1008 1880 1043 1931 at
1068 1869 1146 1931 folir
1166 1863 1301 1929 ilicisr²⁴

259 1968 399 2036 Lentisci
426 1965 513 2030 foliis
533 1968 655 2029 cimilia
682 1970 777 2030 tradit
803 1970 974 2031 Eeemerur
995 1969 1073 2030 solia
1091 1967 1302 2050 myrrbil'erae

260 2068 395 2154 arboris,
424 2080 579 2143 ceterum,
615 2065 652 2129 ut
677 2069 802 2145 Dicae,
831 2090 901 2130 cnm
930 2070 1041 2132 Acacia
1065 2085 1141 2158 vere
1161 2058 1301 2162 (ἆκᾶνθῃ
1360 2083 1362 2094 ⁴

259 2167 463 2252 αἰγυπτιακῇ)
496 2179 665 2250 comparat:
691 2169 745 2230 sed
766 2169 942 2230 confudisse
962 2187 1032 2230 cum
1052 2168 1190 2231 libanoto
1203 2171 1302 2232 ride-

259 2265 358 2334 tur.²⁶
399 2267 519 2330 Plinius
538 2287 725 2349 magnopere
750 2268 869 2352 differte
895 2269 988 2329 modo
1011 2270 1095 2329 enim
1115 2269 1303 2352 Theophra·

260 2373 300 2435 sti
320 2369 533 2430 definitionem
553 2369 684 2448 repetit,
715 2369 850 2449 exceptis
872 2380 972 2429 tamen
995 2367 1100 2444 soliis,
1137 2390 1216 2449 quaa
1236 2370 1301 2430 oli-

259 2492 318 2536 vae
342 2469 456 2531 similia
476 2466 551 2528 dicit
572 2462 675 2545 [ἐλαίᾳ
695 2466 818 2548 legens,
840 2467 909 2528 loco
929 2464 1062 2550 melia}
1094 2470 1201 2530 Iubam
1224 2489 1302 2531 con-

141 2607 146 2616 ι
259 2569 367 2634 tulisse
388 2568 502 2629 fotium
533 2588 603 2629 cum
634 2569 714 2630 folio
743 2568 881 2629 olusatri.
921 2570 1051 2650 Aliquos
1075 2570 1208 2654 similem
1231 2569 1303 2656 frn-

259 2661 353 2733 ticam
380 2667 543 2748 iunipero,
579 2668 766 2729 scabriorem
792 2677 911 2729 tanturn
940 2667 1099 2749 spinisque
1124 2668 1302 2745 horridam,

260 2769 340 2833 folio
360 2758 579 2842 rotundiore,'
596 2766 651 2827 sed
679 2786 789 2847 sapore
809 2766 965 2850 iuniperi,
1002 2770 1172 2831 tradidisse.
1233 2771 1302 2831 Neo

260 2889 326 2932 non
356 2861 471 2938 luisse,
501 2863 556 2944 qni
582 2865 700 2927 eturis
731 2867 843 2926 arbore
871 2876 1039 2949 utrumque
1066 2869 1151 2930 nasci
1177 2871 1303 2933 mentiti

260 2961 369 3030 sint.²⁰
398 2963 555 3045 liquibus
576 2965 720 3027 omnibus
740 2965 800 3027 rite
821 2966 940 3027 collatis
960 2959 1049 3028 effeci
1069 2970 1162 3045 olim,
1200 2971 1302 3052 Am·

262 3066 360 3129 ridem
381 3053 487 3145 Kasai
506 3064 615 3125 Forsk.
643 3087 707 3127 esse
727 3067 870 3128 arborem
901 3067 1132 3148 myrrhiferam.
1193 3072 1304 3134 Simil-

261 3169 369 3229 limam
395 3174 499 3225 nutem
526 3173 688 3246 atramque
704 3168 871 3249 -speciem,
914 3178 945 3228 et
965 3163 1047 3228 forta
1067 3168 1206 3235 eamdem
1225 3192 1301 3249 esee,

180 3301 186 3308 ·
260 3261 449 3330 Forskoleus
469 3259 576 3327 refert.
637 3265 752 3327 Ramos
771 3268 961 3349 spinescere,
1003 3267 1080 3331 folia
1107 3290 1172 3331 esse
1190 3273 1304 3332 subro-

261 3365 377 3441 tunsla,
416 3373 540 3456 serrata.
599 3355 675 3426 Dici
700 3377 805 3429 antem
824 3367 966 3429 arborem
985 3368 1207 3450 myrrbiferam
1227 3369 1304 3434 haio

262 3461 473 3529 mimilenfl.
1113 3475 1118 3485 “

271 3584 278 3598 ”
345 3594 503 3682 Γαβιρέαν
538 3596 603 3661 <liei
634 3597 871 3686 pinguissimam
900 3602 1079 3683 myrrham,
1119 3603 1188 3665 solo
1219 3603 1305 3668 lreto

263 3698 520 3783 provenientem,
547 3718 627 3780 quae
647 3699 777 3762 multam
795 3702 918 3783 quoqne
937 3714 1053 3765 stacten
1072 3704 1180 3780 sudet,
1204 3724 1307 3786 expo-

263 3836 340 3879 nere
364 3814 464 3877 aminr
484 3831 525 3877 ex
552 3815 675 3906 arabico
696 3799 791 3897 fb,
813 3829 1018 3896 praepotens,
1057 3818 1132 3899 qnia
1158 3820 1308 3904 princeps

264 3924 297 3977 et
316 3914 467 3997 palmaria
484 3915 612 4000 species.
674 3918 926 4002 Troglodyticam
955 3917 1107 4003 appellari
1129 3940 1149 3981 a
1169 3920 1308 4005 Trogloe

263 4051 474 4088 —d-—n

297 4150 341 4208 aa)
358 4153 411 4198 Iter
434 4163 546 4212 germen.
562 4156 620 4206 rol.
639 4161 664 4209 6.
681 4168 709 4215 p.
725 4164 768 4217 ις.
791 4163 812 4204 t.
829 4162 855 4215 4.
872 4159 898 4208 6.

297 4222 342 4278 at)
359 4218 428 4266 atet.
445 4221 530 4279 plant.
546 4233 579 4281 9,
597 4229 641 4282 41·
745 4222 790 4282 26)
806 4223 889 4272 Dled'.
907 4228 923 4274 6
933 4250 941 4276 u
958 4227 1002 4281 tr·

247 4313 249 4318 ·
298 4284 346 4349 26)
361 4285 423 4335 ue.
441 4298 490 4345 rt,
508 4293 552 4346 34.
656 4288 703 4352 27)
715 4289 789 4340 Flor.
810 4303 864 4352 reg.
883 4292 954 4342 arab.
971 4305 997 4351 p.
1017 4300 1062 4350 ao.
