2817 5009
143 456 151 462 .
239 402 291 465 ΙΝ
316 401 697 512 mosconlnssut
737 402 997 473 mtto-4157.
1076 413 1140 483 565

76 551 259 633 loponnesi
283 549 413 612 incolae.
471 552 583 613 Sidam
609 553 767 617 Abutilon
793 556 857 619 huo
873 567 1038 623 traxerunt
1057 581 1140 626 non·-

76 652 188 712 nnlli.
201 648 232 692 ³⁸

178 752 254 834 Cap.
274 749 384 814 cmv.
418 743 545 815 Ἀλκέαν
564 752 758 815 Dioscuridis
778 753 975 817 Brunlelsius
988 755 1050 818 iam
1062 757 1136 820 ber·

73 849 148 912 bae
173 850 328 913 Simeonis
353 851 482 912 nomine
509 849 723 912 illustravit.³⁶
763 851 817 915 Fet
835 856 955 917 Malva
973 855 1076 916 Alcen
1096 857 1136 917 L.

74 952 185 1011 Hane
212 935 324 1025 enam,
364 959 510 1029 tauquam
534 949 722 1032 legitimum,
756 952 906 1035 'plerique
930 967 1135 1034 agnoverunt,
1202 1019 1210 1032 ⁸

75 1051 232 1133 exceptis
252 1051 320 1111 lere
342 1045 572 1131 Anguillsru³⁷,
599 1050 654 1130 qui
671 1049 836 1114 Althaeam
858 1055 1076 1130 cannabinum,
1103 1064 1135 1116 et

76 1144 322 1232 Sibtluirpio³⁸,
354 1150 410 1228 qui
434 1149 597 1210 Hibircnm
624 1151 779 1213 Trionum
805 1153 928 1216 subesse
947 1152 1132 1214 existiment.

77 1252 151 1312 sed
174 1250 293 1312 radices
312 1248 459 1309 cubitales
479 1258 652 1329 postremae
671 1250 841 1312 sententies
858 1265 1041 1334 repugnant.

174 1351 250 1432 Cup.
265 1350 360 1410 CLV.
400 1348 553 1410 Cannabis
571 1348 670 1409 sativa
688 1351 826 1431 vulgaris
845 1361 892 1413 eet
910 1352 1049 1412 notitiae.
1074 1353 1145 1413 Pu·-

76 1453 184 1513 triam
205 1451 295 1512 docet
313 1448 490 1511 Herodotus
511 1469 575 1508 esse
596 1445 805 1528 Scythismw,
826 1433 1086 1532 quemadmodum
1102 1462 1134 1514 et

74 1551 116 1612 in
149 1551 272 1613 Tauria
302 1558 340 1610 et·
366 1548 400 1609 in
431 1549 585 1608 caucaeiea
621 1549 749 1629 regione
782 1549 978 1631 frequentem
1008 1552 1143 1618 invenit*

75 1651 308 1713 Marschallins
323 1650 362 1709 ‹le
376 1643 617 1708 Bieberrtein.⁴⁰
659 1649 853 1712 Cannabiuae
880 1649 1010 1733 iusuper
1034 1661 1134 1713 vester

75 1753 267 1826 Thracum,
292 1748 385 1811 lineis
405 1769 497 1828 qnam
519 1749 713 1825 simillimas,
734 1759 884 1810 memorat
903 1750 1082 1811 Herodotus
1101 1759 1134 1811 et
1176 1830 1179 1836 ν

76 1856 264 1917 suffimenta
277 1873 295 1910 e
311 1848 456 1910 cannabis
473 1849 643 1910 seminibus
660 1851 744 1931 apud
761 1848 888 1930 Seithae
918 1849 987 1909 loco
1012 1845 1141 1909 lavacri’

76 1957 216 2016 usitatas
226 1995 237 2028 ,
255 1951 368 2032 quibus
390 1958 421 2010 et
441 1959 564 2009 nostrae
583 1949 689 2011 aetatis
709 1951 816 2031 plures
834 1949 927 2012 Asiae
947 1949 1059 2030 pupuli
1077 1965 1133 2010 se·
1187 1961 1191 1966 “

76 2067 149 2117 met
170 2052 328 2113 inebriare
348 2059 562 2110 consuescunt.

169 2154 312 2216 Plantam
333 2143 573 2232 σχοινόστροφον
593 2147 656 2209 dici
682 2158 714 2209 et
733 2147 900 2229 perutilem
926 2168 993 2208 esre
1017 2148 1057 2210 ad
1082 2158 1130 2211 te·
1178 2185 1181 2190 ,

76 2256 208 2318 xendos
228 2253 320 2314 funes
339 2250 555 2313 validissimos.
592 2250 654 2309 Eos
677 2247 801 2309 videtur
820 2248 939 2329 primus
961 2250 1131 2329 Syracusa-

76 2375 155 2418 rum
177 2373 238 2415 rex
257 2351 357 2411 Hiero
378 2349 562 2410 adhibuisse.
603 2349 684 2410 Cum
705 2347 789 2408 enim
808 2347 959 2429 singulari
977 2349 1079 2410 studio
1091 2348 1129 2410 iu

76 2458 216 2517 navium
241 2449 479 2512 fabricationem
506 2445 719 2523 incumberet,
750 2449 789 2508 ud
809 2449 901 2509 tunes
927 2460 1065 2530 spartum
1088 2469 1129 2510 ex

77 2553 254 2637 Hispania,
275 2550 438 2610 cannabim
458 2569 535 2610 vero
558 2559 589 2610 et
609 2549 711 2630 picem
731 2548 862 2609 alluvio
876 2533 1029 2609 Rliodmo
1042 2569 1130 2608 com-

79 2654 205 2740 portari
224 2645 359 2712 iussit.⁴¹
398 2650 606 2710 Massilienses
626 2659 751 2722 autem,
772 2668 906 2728 quorum
926 2648 960 2709 in
980 2658 1129 2731 potestate

78 2752 233 2819 Rhodani
254 2750 331 2811 ostia
351 2759 454 2823 erant,
480 2749 698 2810 florentissimo
719 2749 906 2810 commercio
934 2768 992 2828 per
1020 2750 1127 2822 orbern

77 2870 238 2920 terrarum
259 2849 472 2925 celeberrimi,
492 2849 639 2912 ridentur
658 2849 751 2911 etlam
765 2849 913 2912 e'I'anriu
931 2849 1126 2910 utilissimum
1201 2853 1205 2866 '

77 2957 162 3018 hanc
184 2955 322 3035 plantam
344 2949 515 3012 advexisse.

163 3072 241 3151 cap.
261 3065 370 3129 CLVI·
412 3061 565 3151 Κάνναβις
579 3058 673 3149 breta
694 3074 740 3129 est
758 3066 868 3147 procul
881 3062 1125 3129 dubioAlthneu

78 3173 280 3238 cannabino,
308 3167 391 3249 quod
412 3167 475 3226 ianr
496 3167 531 3227 C.
551 3166 711 3228 Bouhinue
732 3161 903 3243 agnovis⁴²
966 3168 1030 3244 Qui
1052 3188 1124 3227 eum

79 3257 323 3359 praecesserant,
349 3267 402 3329 vel
410 3266 534 3347 penitus
550 3266 723 3327 omiserunt
736 3286 802 3323 eum
817 3263 958 3342 (Fuchsii
974 3267 1125 3327 Matthio·

78 3378 167 3458 lique
189 3366 376 3450 exemplis),
397 3367 449 3438 vel
469 3367 609 3426 eamdem
631 3365 689 3426 rati
709 3375 781 3424 eunt
801 3383 871 3424 cnm
890 3359 1033 3445 ‹llutos-⁴³

164 3491 239 3571 cap.
261 3484 384 3547 CLVII.
428 3473 583 3565 Ἀνᾶγυρις
602 3495 647 3542 est
665 3483 831 3561 Arrngyris
841 3481 985 3561 jbetido,
1016 3481 1122 3543 frutex

79 3615 138 3677 per
158 3594 318 3670 Europam
338 3585 521 3657 australem,
543 3582 678 3642 maxime
701 3582 861 3641 Graeciam
883 3582 1011 3655 obriur,
1033 3582 1121 3642 cuiue

78 3695 174 3754 flores
196 3691 301 3750 colore
320 3706 415 3748 aureo
434 3683 579 3767 quidem,
606 3681 660 3741 sed
682 3680 811 3740 minime
832 3681 952 3752 forma,
971 3682 1122 3743 brassicae

78 3795 174 3856 flores
193 3788 408 3858 aemulentur,
447 3784 535 3848 euius
559 3780 722 3867 legumine
747 3780 866 3844 semina
886 3784 1046 3845 continent
1064 3802 1120 3848 re·¹

79 3943 290 3965 ....-.-

112 4047 160 4097 55)
176 4038 283 4088 Delech.
300 4055 330 4101 p.
349 4047 409 4099 692·
496 4036 541 4097 ⁶6)
557 4039 637 4087 Herb.
659 4052 682 4085 ι.
699 4035 720 4085 f.
740 4033 818 4097 197⁵.
835 4044 861 4087 t.
883 4034 904 4086 f.
922 4031 984 4096 πθ.

116 4115 160 4167 37)
178 4109 209 4162 L,
226 4119 250 4154 a.
269 4123 297 4167 p.
316 4116 377 4161 aaz.
481 4109 527 4169 aa)
544 4109 617 4155 Flos.
639 4120 721 4168 graec.
741 4117 765 4151 e.
784 4121 811 4165 p.
828 4112 871 4163 4ο.
1092 4161 1096 4172 .

115 4175 163 4240 ὃς)
182 4178 242 4227 Lib.
258 4182 284 4231 4.
304 4191 328 4225 c.
346 4184 388 4234 74.
488 4180 532 4233 4ο)
545 4177 618 4225 Ftor.
638 4187 704 4223 sarus.
724 4186 826 4223 canem
845 4181 870 4222 t.
892 4184 990 4236 1²·419·

116 4244 163 4305 41)
179 4246 275 4290 Athen.
298 4256 327 4302 ς,
347 4253 390 4301 40.
492 4250 537 4303 42)
553 4245 611 4294 riu,
631 4259 658 4304 p.
676 4243 733 4298 διό,

115 4310 162 4378 43)
177 4313 284 4360 Doulou.
304 4317 325 4364 l.
343 4327 367 4361 c·
387 4327 413 4373 p.
432 4312 490 4366 656.
