2817 5009
259 296 341 418 oto
571 337 994 405 oouuanrsmus

264 454 416 577 ahrilabri
439 504 569 559 utantur
595 491 636 577 etl
660 488 932 553 ierrumioandum
960 510 1091 571 aarum,
1133 489 1318 570 supralata

266 602 310 677 (o.
328 598 396 675 92)
419 619 437 659 e
457 615 554 678 cupro
575 605 607 658 et
626 591 719 654 urina
738 593 902 675 parabant,
932 612 1026 672 quam
1050 599 1230 653 santernam
1243 591 1319 653 Pli-

265 699 338 760 niue
357 693 479 767 vocat³
1076 738 1085 755 .

350 797 425 878 Cap.
446 794 511 856 CV.
573 789 760 853 Armenium
790 800 836 852 est
864 810 995 873 cuprum
1024 787 1223 851 carbouicum
1252 798 1324 851 rer-

267 914 378 963 reum,
405 886 503 975 lapidi
525 890 638 952 Lazuli
657 889 768 977 simile.
812 886 849 951 Id
870 891 904 950 in
925 891 1109 952 australibus
1128 891 1226 969 petris
1247 910 1324 950 are-

268 994 367 1068 noeis,
395 993 450 1054 has
471 994 552 1074 ipsas
572 999 753 1073 penetrans,
789 991 942 1051 mineram
964 989 1045 1053 aeria
1065 978 1227 1051 arenosam
1249 990 1324 1052 for·

268 1104 342 1154 mat.
385 1095 431 1155 Ea
451 1094 581 1154 vorhtur
600 1085 710 1162 κυανός
728 1088 807 1172 (cap.
827 1087 919 1168 106.)

352 1193 427 1274 Cap.
448 1194 545 1256 CVII.
599 1191 743 1253 Indicum
771 1189 963 1272 pigmentum
992 1210 1032 1250 ex
1054 1188 1238 1270 Iudigofera
1257 1188 1327 1251 tin·

272 1294 369 1355 otoria
390 1294 443 1355 hio
464 1291 586 1366 notari,
607 1290 803 1372 exploratum
824 1290 993 1364 habemus,
1013 1289 1133 1349 etiamsi
1155 1309 1268 1349 manoe
1282 1290 1326 1351 sit

273 1393 450 1475 descriptio.
501 1391 615 1471 Ecquis
643 1410 720 1450 vero
740 1389 774 1449 id
793 1390 974 1466 mirabitur,
1008 1391 1060 1451 oui
1080 1402 1191 1450 notum
1210 1389 1325 1465 fuerit,

271 1494 395 1555 saeculo
421 1493 498 1555 adeo
521 1492 642 1553 deoimo
670 1489 802 1571 septimo
830 1510 848 1552 a
878 1472 974 1554 variis
1002 1489 1179 1551 auctoribus
1207 1489 1244 1550 id
1273 1490 1326 1571 pi·

273 1607 433 1676 gmeutum
453 1592 625 1657 metallicae
652 1590 780 1669 originis
799 1590 941 1654 habitum
967 1585 1097 1653 fuisse.⁴
1138 1588 1325 1651 Indicarum

273 1696 463 1756 arundinum
481 1713 546 1754 esse
564 1690 729 1775 ἔκβρασμα.
751 1700 857 1753 noster
876 1691 982 1756 docete
1002 1701 1130 1773 paratur
1149 1699 1259 1749 autem
1275 1690 1329 1750 iu·

275 1793 380 1855 dicum
400 1794 462 1868 ita,
503 1801 539 1852 ut
567 1792 601 1852 iu
624 1791 743 1871 magnis
764 1790 904 1853 cisternis
926 1792 978 1854 rel
998 1791 1100 1852 foveis
1119 1810 1202 1870 aqua
1221 1790 1329 1870 plenia

274 1894 382 1976 plaute
401 1891 550 1954 continuo
571 1894 681 1972 agitata
701 1891 936 1952 fermentationi
955 1891 1175 1951 committatur.
1215 1891 1329 1971 Itaque

276 1991 424 2054 ridentur
443 1991 609 2054 arundinea
623 1991 710 2052 illae
730 1991 769 2051 ad
788 1992 971 2052 Bambusam
990 1991 1233 2052 arundinaoeam
1255 2011 1330 2071 per·

276 2091 394 2168 tiuare,
429 2112 530 2174 equa
558 2089 662 2153 baculi
684 2091 724 2153 ed
742 2091 998 2165 summovendam
1020 2110 1152 2155 marum
1170 2089 1329 2172 pigmenti

278 2189 474 2255 adhibentur.
587 2272 592 2281 η

358 2292 502 2361 Alterum
520 2304 624 2355 autern
645 2291 784 2352 indicum
794 2333 804 2367 ,
823 2290 882 2353 flos
901 2310 1090 2374 purpureus,
1109 2288 1210 2352 aereis
1231 2290 1331 2353 iuna-

278 2400 346 2452 tana
366 2393 510 2469 cortinis,
547 2414 641 2473 quem
663 2393 809 2453 derasum
835 2391 966 2452 artifices
987 2392 1119 2464 siooeut,
1156 2393 1266 2451 neseio
1288 2414 1331 2454 au

279 2490 422 2571 ouprisit
438 2502 664 2575 praeparatum.
705 2491 814 2552 Rubra
832 2490 915 2553 forte
935 2491 1026 2573 cupri
1040 2490 1163 2552 minora
1185 2501 1243 2570 est,
1267 2513 1333 2559 on-

278 2588 329 2653 ius
348 2591 512 2653 varietates
532 2591 676 2653 ooooiueo
697 2599 752 2652 eut
777 2612 937 2673 purpureo
958 2592 1064 2652 colore
1083 2590 1194 2654 nitent.

362 2698 436 2782 Oap.
444 2698 527 2762 CIX.
546 2701 621 2762 Duo
637 2707 829 2779 suntgeuera
841 2699 1027 2774 cinnabaris,
1044 2699 1207 2761 mineralis
1220 2702 1331 2778 altera,

280 2797 375 2860 altera¹
393 2801 582 2882 vegetabilis.
631 2801 689 2863 Illa
714 2813 787 2861 oum
808 2794 909 2883 ἇμμίῳ
930 2808 1147 2881 eomparatur,
1180 2821 1331 2884 proquo

133 2872 167 2945 'x
281 2897 420 2979 Goupyli
440 2900 539 2961 codex
557 2899 650 2962 habet
671 2901 769 2983 μινίφ,
809 2903 865 2963 Est
882 2913 985 2963 autem
1005 2899 1126 2962 Minius
1146 2903 1250 2963 amuis
1271 2905 1332 2965 Hi-

280 2992 405 3079 spiniae
424 3008 456 3060 at
477 2998 691 3076 Lusitaniae⁵‚
731 3023 750 3062 a
765 3021 827 3082 quo
845 3001 928 3061 forte
947 3020 1063 3061 nomeu
1085 2999 1223 3061 minium
1244 3023 1331 3064 acce·

282 3097 338 3179 pit.
380 3096 556 3180 Prophetae
580 3097 755 3161 Ieremias⁰
781 3111 811 3163 et
831 3097 1004 3164 Ezechiel²
1032 3104 1104 3184 'rglpl
1132 3100 1332 3182 pigmentum

282 3196 414 3258 rubrum
435 3198 564 3274 habeut,
584 3201 669 3282 quod
688 3202 792 3265 Lxx
811 3201 912 3284 priori
932 3201 1001 3261 loco
1021 3197 1141 3282 uaros,
1161 3204 1332 3281 posteriori

282 3293 435 3382 yphoides,
457 3296 629 3363 Chaldaeus
650 3301 864 3385 paraphrastes
886 3321 962 3364 vero
989 3318 1058 3387 paq
1084 3301 1190 3363 vertit.

277 3454 279 3471 Α
365 3399 584 3482 vulgatissima
605 3412 650 3462 est
670 3402 844 3463 cinnabaris
871 3410 1011 3479 nostrae,
1051 3399 1241 3482 hydrargyn‘
1271 3404 1333 3467 mi·

283 3518 396 3576 uerae,
434 3521 505 3562 cum
524 3498 624 3560 minio
646 3501 727 3584 apud
747 3512 867 3564 veteres
895 3503 1112 3576 commutatio,
1152 3500 1180 3561 ei
1201 3505 1243 3563 ab
1268 3526 1333 3566 uno

203 3584 206 3593 ⁴
284 3598 353 3681 serp
371 3601 532 3661 recesseris
552 3599 780 3682 Theophrasto.
840 3603 870 3664 1·
897 3601 981 3661 enim
1004 3610 1071 3663 tum
1091 3603 1233 3665 natium
1256 3627 1333 3684 esse,

284 3706 352 3759 tam
372 3697 527 3768 industria
558 3712 697 3782 paratam
725 3698 856 3764 decen·
902 3700 989 3761 illam
1010 3721 1051 3761 ex
1070 3703 1225 3785 Hispania
1245 3708 1334 3787 pari·

285 3809 333 3860 ter
351 3817 387 3859 ao
406 3819 425 3859 e
444 3799 595 3865 Colchide
615 3803 784 3888 exportari.
837 3800 909 3865 Illic
928 3801 1039 3864 saltem
1059 3799 1094 3864 iu
1113 3804 1283 3889 provincia
1302 3809 1333 3869 la

291 3948 499 3967 m

321 4037 348 4095 a,
367 4034 429 4086 Lib·
447 4045 497 4094 ⁸⁶!
516 4046 559 4098 ¹¹9⁰

319 4102 349 4164 ⁴)
360 4104 519 4155 ‘namon
535 4105 630 4156 Gesob.
647 4105 693 4154 der
710 4103 811 4157 Btflnd.
828 4116 857 4165 4.
873 4119 901 4169 p.
919 4112 979 4169 475.

319 4171 434 4225 6)1³tin.
452 4181 485 4232 4,
504 4182 547 4233 34.
650 4177 678 4231 6)
696 4176 763 4234 equ
777 4184 827 4228 aa,
846 4186 885 4233 14.

320 4242 351 4296 ⁷)
365 4241 426 4299 cup.
445 4250 494 4297 as.
513 4253 553 4300 14·
657 4240 688 4307 a)
703 4244 743 4290 De
762 4243 842 4303 lapid.
861 4256 885 4293 o.
903 4250 947 4305 te·
966 4259 994 4306 p.
1011 4256 1074 4306 φοι.
