2817 5009
234 376 376 451 ‘476'
581 378 999 445 concerneretur
1098 439 1101 444 ,
1205 361 1208 373 “

145 569 146 576 1
177 609 180 615 Ι
271 530 369 612 Piper
398 527 503 592 elbum
528 528 779 612 medicamentis,
819 530 945 613 nigrum
975 527 1071 614 magis
1104 528 1313 598 condimentis

242 642 378 713 uptun
406 619 558 706 declarat,
597 631 673 693 lieet
707 641 739 693 et
771 631 807 693 iu
838 631 902 696 lsee
937 633 1094 716 quoddam
1126 632 1312 716 reperiatur,

270 733 353 812 quod
372 726 496 814 βράσμα
509 741 609 792 vocat.

352 832 474 893 Plinius
489 831 566 892 haec
587 841 618 892 et
634 828 713 906 alie,
734 830 1013 893 hallucinatienum
1035 834 1146 915 plene,
1167 828 1314 893 miseeb⁷¹

269 931 311 993 Et
330 932 472 1012 protinus
491 932 616 1012 quidem
636 930 789 1012 iunip'eria
814 931 931 993 similes
950 932 1043 995 hebet
1062 936 1203 1008 arbores,
1233 952 1313 1013 qnae

269 1032 363 1112 piper
381 1030 517 1111 gignant.
556 1031 593 1091 In
614 1037 675 1112 qu'e
694 1031 897 1094 vehementer
916 1027 1056 1094 tollitur:
1082 1052 1218 1113 nemque
1239 1033 1314 1093 frn-

270 1130 345 1190 ticea
365 1140 437 1191 sunt
458 1130 655 1202 scandentes,
689 1129 776 1191 feliis
798 1131 953 1205 nervosia,
973 1131 1105 1213 glabris,
1125 1131 1260 1193 condetis
1278 1133 1314 1193 in

271 1231 308 1291 P.
329 1232 441 1311 longo,
468 1231 531 1291 late
550 1230 648 1291 eratis
668 1229 702 1289 in
725 1231 758 1288 Ρ.
780 1231 880 1311 nigre.
947 1231 1078 1292 Fructus
1104 1242 1209 1293 autem
1232 1252 1313 1312 que-

270 1330 436 1404 dammodo
457 1350 526 1389 enm
546 1329 684 1410 iuniperi
700 1328 853 1390 fructibus
867 1332 1038 1412 comparari
1052 1341 1188 1414 pessunt.
1215 1332 1314 1392 Recte

271 1440 374 1491 temen
395 1420 516 1490 Plinius
537 1430 656 1490 fructua
676 1431 714 1490 P.
734 1430 820 1509 lengi
839 1430 1104 1509 siliquaeformes,
1131 1417 1314 1511 prinsquam

221 1574 225 1591 .
272 1521 452 1606 dehiscent,
491 1529 648 1609 decerptas
668 1529 734 1588 sole
754 1530 869 1590 torreri
890 1530 975 1589 dicit.
1018 1532 1079 1591 Sed
1105 1531 1168 1590 inm
1194 1531 1313 1612 pergit:

270 1631 434 1714 paullatim
459 1630 634 1689 maturitate
661 1628 851 1690 dehiscentes
879 1629 1041 1692 estendere
1069 1631 1235 1691 candidum
1262 1633 1314 1712 pi-

248 1723 347 1812 ‘per,
381 1727 464 1811 qued
485 1728 558 1788 dein
577 1728 693 1787 solibus
714 1739 828 1787 tostum
853 1729 958 1789 colore
982 1729 1127 1810 rugisque
1146 1732 1263 1793 mutan·
1284 1741 1315 1791 et

273 1829 506 1890 earbnncnleri.
549 1827 601 1888 Sic
619 1826 690 1887 fieri
710 1827 828 1888 semina
849 1849 930 1889 casse
951 1839 982 1888 et
1001 1829 1123 1905 inania,
1145 1831 1230 1914 qued
1252 1852 1313 1892 ve-

272 1940 344 1990 cent
363 1928 523 2002 breelema,
562 1926 606 1985 sic
634 1926 784 1988 Indorum
810 1929 916 2009 lingue
943 1928 1135 2009 significante
1161 1931 1314 1994 abortum.

270 2030 406 2093 Fallitur
425 2047 516 2107 erge,
537 2025 610 2085 dum
633 2025 724 2106 piper
744 2029 867 2108 nigrum
890 2028 1056 2089 candidum
1076 2050 1095 2088 e
1113 2031 1207 2111 longo
1229 2031 1314 2093 nesci

242 2105 247 2122 ⁸
271 2130 431 2212 perbibet:
451 2127 589 2202 fallitur,
610 2125 684 2186 dum
704 2120 973 2210 dedenorvocem
995 2151 1081 2191 mere
1099 2152 1258 2212 graecam,
1279 2132 1317 2191 in

271 2230 415 2301 brechene
441 2240 558 2302 mutet,
599 2239 630 2288 et
657 2228 793 2289 indicam
823 2229 985 2291 existimet:
1046 2229 1206 2311 Significat
1227 2231 1315 2293 eninr

271 2330 372 2394 bullas
392 2349 433 2389 cx
455 2326 687 2399 effervescentia
707 2325 839 2393 natanti

355 2429 494 2489 Galenus
519 2428 699 2489 immaturos
726 2428 859 2508 ideoque
884 2429 1088 2496 subhumidos
1114 2428 1208 2491 hebet
1226 2430 1318 2511 lengi

157 2603 163 2622 .
227 2573 230 2578 -
272 2528 392 2612 piperis
413 2528 551 2602 fructus,
572 2527 627 2607 qni
647 2538 776 2608 prepter
795 2529 1012 2604 humiditatem
1033 2530 1125 2593 etiarn
1146 2531 1241 2590 facile
1261 2531 1315 2591 fe·

271 2630 429 2702 raminnln
449 2628 620 2701 obtineant,
643 2627 717 2687 dum
737 2640 938 2710 reponentur
979 2630 1075 2709 Piper
1094 2630 1186 2690 etiam
1206 2631 1316 2691 'elbum

158 2755 161 2772 ·
209 2781 211 2788 ,
273 2728 542 2802 semimaturnm(
525 2719 640 2802 plor
621 2748 703 2806 ομφα
704 2725 899 2804 lhebet,
866 2749 989 2810 nigrum
1009 2724 1114 2790 fieri‘
1097 2729 1318 2844 vnrpmrrwe'·

272 2851 326 2906 ver
344 2852 397 2906 nee
389 2821 693 2914 υπερεξηραμμένον.
702 2824 731 2867 ⁷³
782 2819 812 2888 la
836 2849 924 2889 error
945 2830 1070 2902 tandem
1089 2809 1218 2912 nuperis
1239 2853 1317 2892 ero-

273 2933 346 3004 nuit
364 2929 563 3010 temporibus.
605 2928 805 3009 compertum
826 2929 911 2988 enim
931 2928 1089 3005 habemns,
1109 2950 1202 2991 omne
1222 2933 1318 3012 piper

274 3039 431 3094 moturum
450 3028 575 3087 demum
603 3028 794 3110 nigrescere,
823 3023 969 3108 queniam
990 3041 1066 3091 teate
1084 3029 1222 3090 exterior
1241 3050 1317 3091 eum

274 3131 411 3192 colorem
430 3127 621 3210 adipiscitur.
682 3119 728 3192 Ea
742 3137 846 3189 entem
863 3139 940 3189 teste
960 3128 1166 3190 maceratione
1184 3131 1219 3189 in
1233 3151 1317 3218 equa

273 3230 451 3303 secedente,
485 3218 608 3311 βράσμα
635 3228 717 3292 illud
739 3230 840 3304 nasci,
875 3228 966 3310 piper
984 3229 1087 3309 ipsum
1107 3249 1183 3291 vero
1206 3231 1318 3290 candi·

274 3331 350 3398 dnm
369 3325 505 3392 reddin
545 3330 624 3391 Cum
643 3327 695 3404 hic
715 3349 809 3399 verus
830 3328 871 3400 ait
890 3328 1035 3402 nucleus,
1055 3338 1131 3400 teste
1150 3332 1239 3410 nigre
1258 3352 1318 3394 re-

272 3449 311 3505 t’o
331 3432 370 3491 ad
390 3431 512 3491 baccam
530 3429 700 3512 pertineat,
728 3428 820 3512 piper
849 3429 975 3511 nigrum
1003 3431 1131 3503 omuinp
1151 3431 1223 3501 elbo
1245 3431 1317 3499 vir-

162 3523 164 3534 ’
273 3542 342 3603 tute
361 3530 495 3600 inferius
511 3531 694 3598 indicemus,

239 3659 245 3667 ¹
356 3630 450 3720 Quod
468 3650 584 3706 nemen
602 3630 732 3702 attinet,
771 3628 839 3700 siue
859 3626 953 3689 dubie
980 3627 1119 3689 indicum
1145 3642 1200 3690 est
1252 3634 1319 3691 Pi-

271 3732 328 3811 pel
344 3731 435 3812 piper
452 3730 597 3812 longum,
644 3730 782 3792 Mirtselr
801 3731 926 3808 nigrum
946 3729 1032 3789 Indis
1052 3729 1175 3791 dieitur
1184 3726 1214 3772 ⁷⁵
1263 3733 1317 3793 Ex

273 3843 332 3915 ille
363 3840 480 3905 Arabes
505 3840 682 3912 formarunt
714 3858 806 3899 suum
829 3817 938 3921 δώ(
922 3831 1078 3928 (JelFo)
1103 3847 1135 3900 et
1161 3819 1320 3916 elil-tl&
1264 3873 1287 3923 J

275 3995 485 4027 ’νὴ-ἐ*-

308 4090 905 4156 „)n1e.1e,14.72)s.1mn.eun.
923 4104 1006 4139 exere
1023 4105 1053 4166 p.
1069 4097 1130 4154 724,

267 4165 355 4220 75)
373 4165 413 4207 De
430 4158 481 4207 fac.
502 4160 595 4222 simpl,
606 4159 671 4208 med.
690 4170 717 4215 a.
736 4174 764 4218 p.
780 4171 824 4219 97

309 4237 355 4288 74)
375 4227 498 4281 Marsdeu
513 4228 577 4286 bist.
599 4231 709 4277 Sumatr.
725 4243 752 4287 p.
771 4234 832 4287 ros.

275 4302 356 4366 pc)
371 4297 490 4372 Ftrrnbsg
506 4294 781 4355 insenescentem
807 4309 847 4350 rr.
868 4303 975 4358 pan.
