<?xml version="1.0" encoding="UTF-8"?>
<!DOCTYPE html PUBLIC "-//W3C//DTD XHTML 1.0 Transitional//EN"
    "http://www.w3.org/TR/xhtml1/DTD/xhtml1-transitional.dtd">
<html xmlns="http://www.w3.org/1999/xhtml" xml:lang="en" lang="en">
 <head>
  <title>
</title>
<meta http-equiv="Content-Type" content="text/html;charset=utf-8" />
  <meta name='ocr-system' content='tesseract 3.04.00' />
  <meta name='ocr-capabilities' content='ocr_page ocr_carea ocr_par ocr_line ocrx_word'/>
</head>
<body>
  <div class='ocr_page' id='page_1' title='image "./medicorumgraeco00hippgoog_0683.png"; bbox 0 0 2817 5009; ppageno 0'>
   <div class='ocr_carea' id='block_1_1' title="bbox 79 407 1202 512">
    <p class='ocr_par' dir='ltr' id='par_1_1' title="bbox 79 407 1202 512">
     <span class='ocr_line' id='line_1_1' title="bbox 79 407 1202 512; baseline 0.004 -5"><span class='ocrx_word' id='word_1_1' title='bbox 79 441 142 507; x_wconf 79' lang='grc' dir='ltr'><strong>ιιι</strong></span> <span class='ocrx_word' id='word_1_2' title='bbox 166 432 1129 512; x_wconf 75' lang='lat' dir='ltr'><strong>mosconmnnrv.sao-192v.1-ss.ota</strong></span> <span class='ocrx_word' id='word_1_3' title='bbox 1199 407 1202 415; x_wconf 77' lang='grc'><strong>’</strong></span> 
     </span>
    </p>
   </div>
   <div class='ocr_carea' id='block_1_2' title="bbox 78 582 1127 668">
    <p class='ocr_par' dir='ltr' id='par_1_2' title="bbox 78 582 1127 668">
     <span class='ocr_line' id='line_1_2' title="bbox 78 582 1127 668; baseline -0.001 -12"><span class='ocrx_word' id='word_1_4' title='bbox 78 592 161 656; x_wconf 83' lang='lat' dir='ltr'><strong>burn</strong></span> <span class='ocrx_word' id='word_1_5' title='bbox 172 634 182 668; x_wconf 90' lang='lat'>,</span> <span class='ocrx_word' id='word_1_6' title='bbox 203 582 436 666; x_wconf 76' lang='lat' dir='ltr'><strong>surrentinum,</strong></span> <span class='ocrx_word' id='word_1_7' title='bbox 456 587 529 650; x_wconf 89' lang='lat' dir='ltr'><strong>dein</strong></span> <span class='ocrx_word' id='word_1_8' title='bbox 550 587 735 664; x_wconf 84' lang='lat' dir='ltr'><strong>adrianum,</strong></span> <span class='ocrx_word' id='word_1_9' title='bbox 763 589 998 668; x_wconf 80' lang='lat' dir='ltr'><strong>mamertinum,</strong></span> <span class='ocrx_word' id='word_1_10' title='bbox 1018 593 1053 655; x_wconf 89' lang='lat' dir='ltr'><strong>in</strong></span> <span class='ocrx_word' id='word_1_11' title='bbox 1065 593 1127 655; x_wconf 77' lang='lat' dir='ltr'><strong>&#39;Si-</strong></span> 
     </span>
    </p>
   </div>
   <div class='ocr_carea' id='block_1_3' title="bbox 79 689 1228 773">
    <p class='ocr_par' dir='ltr' id='par_1_3' title="bbox 79 689 1228 773">
     <span class='ocr_line' id='line_1_3' title="bbox 79 689 1228 773; baseline 0.003 -21"><span class='ocrx_word' id='word_1_12' title='bbox 79 693 158 754; x_wconf 83' lang='lat' dir='ltr'><strong>cilir</strong></span> <span class='ocrx_word' id='word_1_13' title='bbox 181 699 380 773; x_wconf 84' lang='lat' dir='ltr'><strong>generatum,</strong></span> <span class='ocrx_word' id='word_1_14' title='bbox 403 698 472 770; x_wconf 86' lang='lat' dir='ltr'><strong>post</strong></span> <span class='ocrx_word' id='word_1_15' title='bbox 491 690 720 770; x_wconf 78' lang='lat' dir='ltr'><strong>praetutianum</strong></span> <span class='ocrx_word' id='word_1_16' title='bbox 742 699 773 749; x_wconf 92' lang='lat' dir='ltr'><strong>et</strong></span> <span class='ocrx_word' id='word_1_17' title='bbox 792 689 943 752; x_wconf 82' lang='lat' dir='ltr'><strong>istriourn.</strong></span> <span class='ocrx_word' id='word_1_18' title='bbox 1004 694 1127 772; x_wconf 89' lang='lat' dir='ltr'><strong>Quibus</strong></span> <span class='ocrx_word' id='word_1_19' title='bbox 1217 714 1228 739; x_wconf 54' lang='grc' dir='ltr'>ι</span> 
     </span>
    </p>
   </div>
   <div class='ocr_carea' id='block_1_4' title="bbox 26 787 1187 2175">
    <p class='ocr_par' dir='ltr' id='par_1_4' title="bbox 73 787 1127 1172">
     <span class='ocr_line' id='line_1_4' title="bbox 78 787 1127 873; baseline -0.01 -20"><span class='ocrx_word' id='word_1_20' title='bbox 78 802 117 854; x_wconf 89' lang='lat' dir='ltr'><strong>et</strong></span> <span class='ocrx_word' id='word_1_21' title='bbox 138 791 275 853; x_wconf 87' lang='lat' dir='ltr'><strong>Galenus</strong></span> <span class='ocrx_word' id='word_1_22' title='bbox 301 788 458 871; x_wconf 76' lang='lat' dir='ltr'><strong>siguinum</strong></span> <span class='ocrx_word' id='word_1_23' title='bbox 484 787 645 870; x_wconf 80' lang='lat' dir='ltr'><strong>adiungit,</strong></span> <span class='ocrx_word' id='word_1_24' title='bbox 679 788 822 855; x_wconf 84' lang='lat' dir='ltr'><strong>sabinum</strong></span> <span class='ocrx_word' id='word_1_25' title='bbox 850 790 943 852; x_wconf 87' lang='lat' dir='ltr'><strong>etiam</strong></span> <span class='ocrx_word' id='word_1_26' title='bbox 969 804 1001 852; x_wconf 88' lang='lat' dir='ltr'><strong>et</strong></span> <span class='ocrx_word' id='word_1_27' title='bbox 1020 794 1127 873; x_wconf 65' lang='lat' dir='ltr'><strong>gabia.</strong></span> 
     </span>
     <span class='ocr_line' id='line_1_5' title="bbox 77 888 1126 977; baseline 0.001 -23"><span class='ocrx_word' id='word_1_28' title='bbox 77 912 182 965; x_wconf 83' lang='lat' dir='ltr'><strong>uum</strong></span> <span class='ocrx_word' id='word_1_29' title='bbox 201 888 387 952; x_wconf 89' lang='lat' dir='ltr'><strong>tiburtinum</strong></span> <span class='ocrx_word' id='word_1_30' title='bbox 409 898 441 948; x_wconf 88' lang='lat' dir='ltr'><strong>et</strong></span> <span class='ocrx_word' id='word_1_31' title='bbox 462 888 566 949; x_wconf 88' lang='lat' dir='ltr'><strong>omnia</strong></span> <span class='ocrx_word' id='word_1_32' title='bbox 585 889 739 962; x_wconf 71' lang='lat' dir='ltr'><strong>amInaed,</strong></span> <span class='ocrx_word' id='word_1_33' title='bbox 766 910 845 970; x_wconf 90' lang='lat' dir='ltr'><strong>qaae</strong></span> <span class='ocrx_word' id='word_1_34' title='bbox 868 889 949 951; x_wconf 78' lang='lat' dir='ltr'><strong>circe</strong></span> <span class='ocrx_word' id='word_1_35' title='bbox 969 892 1126 977; x_wconf 85' lang='lat' dir='ltr'><strong>Neapolin</strong></span> 
     </span>
     <span class='ocr_line' id='line_1_6' title="bbox 75 986 1127 1101; baseline 0.003 -49"><span class='ocrx_word' id='word_1_36' title='bbox 75 993 264 1053; x_wconf 73' lang='lat' dir='ltr'>colebantur</span> <span class='ocrx_word' id='word_1_37' title='bbox 289 998 321 1050; x_wconf 87' lang='lat' dir='ltr'><strong>et</strong></span> <span class='ocrx_word' id='word_1_38' title='bbox 345 989 381 1051; x_wconf 88' lang='lat' dir='ltr'><strong>in</strong></span> <span class='ocrx_word' id='word_1_39' title='bbox 402 986 600 1049; x_wconf 86' lang='lat' dir='ltr'><strong>Thnacorum</strong></span> <span class='ocrx_word' id='word_1_40' title='bbox 621 988 757 1067; x_wconf 69' lang='lat' dir='ltr'><strong>regione.</strong></span> <span class='ocrx_word' id='word_1_41' title='bbox 818 989 968 1052; x_wconf 84' lang='lat' dir='ltr'><strong>Sabinum</strong></span> <span class='ocrx_word' id='word_1_42' title='bbox 989 991 1127 1101; x_wconf 80' lang='lat' dir='ltr'><strong>deniquo</strong></span> 
     </span>
     <span class='ocr_line' id='line_1_7' title="bbox 73 1087 750 1172; baseline -0.006 -18"><span class='ocrx_word' id='word_1_43' title='bbox 73 1092 123 1154; x_wconf 85' lang='lat' dir='ltr'><strong>ad</strong></span> <span class='ocrx_word' id='word_1_44' title='bbox 142 1088 381 1172; x_wconf 69' lang='lat' dir='ltr'><strong>compositiones</strong></span> <span class='ocrx_word' id='word_1_45' title='bbox 401 1088 603 1150; x_wconf 85' lang='lat' dir='ltr'><strong>utilissimum</strong></span> <span class='ocrx_word' id='word_1_46' title='bbox 624 1087 750 1150; x_wconf 86' lang='lat' dir='ltr'><strong>iudicat.</strong></span> 
     </span>
    </p>

    <p class='ocr_par' dir='ltr' id='par_1_5' title="bbox 26 1187 1187 2175">
     <span class='ocr_line' id='line_1_8' title="bbox 166 1187 1123 1274; baseline 0.005 -21"><span class='ocrx_word' id='word_1_47' title='bbox 166 1192 194 1253; x_wconf 88' lang='lat' dir='ltr'><strong>E</strong></span> <span class='ocrx_word' id='word_1_48' title='bbox 215 1188 342 1250; x_wconf 87' lang='lat' dir='ltr'><strong>Graecis</strong></span> <span class='ocrx_word' id='word_1_49' title='bbox 367 1187 451 1250; x_wconf 70' lang='lat' dir='ltr'><strong>vinis</strong></span> <span class='ocrx_word' id='word_1_50' title='bbox 471 1207 491 1246; x_wconf 89' lang='lat' dir='ltr'><strong>a</strong></span> <span class='ocrx_word' id='word_1_51' title='bbox 509 1199 615 1250; x_wconf 89' lang='lat' dir='ltr'><strong>nostro</strong></span> <span class='ocrx_word' id='word_1_52' title='bbox 637 1187 744 1251; x_wconf 89' lang='lat' dir='ltr'><strong>chium</strong></span> <span class='ocrx_word' id='word_1_53' title='bbox 763 1189 899 1253; x_wconf 86' lang='lat' dir='ltr'><strong>maxime</strong></span> <span class='ocrx_word' id='word_1_54' title='bbox 917 1193 1123 1274; x_wconf 83' lang='lat' dir='ltr'><strong>praedicatur,</strong></span> 
     </span>
     <span class='ocr_line' id='line_1_9' title="bbox 74 1287 1124 1375; baseline 0.002 -22"><span class='ocrx_word' id='word_1_55' title='bbox 74 1313 96 1353; x_wconf 86' lang='lat' dir='ltr'><strong>a</strong></span> <span class='ocrx_word' id='word_1_56' title='bbox 120 1292 242 1353; x_wconf 87' lang='lat' dir='ltr'><strong>Galsno</strong></span> <span class='ocrx_word' id='word_1_57' title='bbox 263 1291 356 1349; x_wconf 89' lang='lat' dir='ltr'><strong>etiam</strong></span> <span class='ocrx_word' id='word_1_58' title='bbox 377 1287 509 1348; x_wconf 87' lang='lat' dir='ltr'><strong>lesbium</strong></span> <span class='ocrx_word' id='word_1_59' title='bbox 531 1298 562 1350; x_wconf 89' lang='lat' dir='ltr'><strong>et</strong></span> <span class='ocrx_word' id='word_1_60' title='bbox 582 1288 743 1352; x_wconf 89' lang='lat' dir='ltr'><strong>ariusium.</strong></span> <span class='ocrx_word' id='word_1_61' title='bbox 795 1291 978 1353; x_wconf 78' lang='lat' dir='ltr'><strong>Pramnium</strong></span> <span class='ocrx_word' id='word_1_62' title='bbox 999 1314 1124 1375; x_wconf 87' lang='lat' dir='ltr'><strong>quoquo</strong></span> 
     </span>
     <span class='ocr_line' id='line_1_10' title="bbox 72 1384 1124 1472; baseline -0.003 -15"><span class='ocrx_word' id='word_1_63' title='bbox 72 1394 212 1465; x_wconf 81' lang='lat' dir='ltr'><strong>viuum,</strong></span> <span class='ocrx_word' id='word_1_64' title='bbox 247 1389 286 1451; x_wconf 88' lang='lat' dir='ltr'><strong>ab</strong></span> <span class='ocrx_word' id='word_1_65' title='bbox 307 1390 445 1453; x_wconf 81' lang='lat' dir='ltr'><strong>Homero</strong></span> <span class='ocrx_word' id='word_1_66' title='bbox 475 1387 537 1447; x_wconf 85' lang='lat' dir='ltr'><strong>iam</strong></span> <span class='ocrx_word' id='word_1_67' title='bbox 567 1390 755 1450; x_wconf 85' lang='lat' dir='ltr'><strong>celebratum</strong></span> <span class='ocrx_word' id='word_1_68' title='bbox 766 1384 803 1458; x_wconf 84' lang='lat'><strong>⁷¹,</strong></span> <span class='ocrx_word' id='word_1_69' title='bbox 832 1391 986 1472; x_wconf 83' lang='lat' dir='ltr'><strong>nigricans</strong></span> <span class='ocrx_word' id='word_1_70' title='bbox 1015 1403 1045 1454; x_wconf 86' lang='lat' dir='ltr'><strong>et</strong></span> <span class='ocrx_word' id='word_1_71' title='bbox 1065 1414 1124 1454; x_wconf 88' lang='lat' dir='ltr'><strong>au-</strong></span> 
     </span>
     <span class='ocr_line' id='line_1_11' title="bbox 71 1470 1122 1570; baseline 0 -16"><span class='ocrx_word' id='word_1_72' title='bbox 71 1504 197 1555; x_wconf 75' lang='lat' dir='ltr'><strong>sterum</strong></span> <span class='ocrx_word' id='word_1_73' title='bbox 205 1487 245 1564; x_wconf 81' lang='lat'><strong>⁷²,</strong></span> <span class='ocrx_word' id='word_1_74' title='bbox 273 1489 308 1550; x_wconf 91' lang='lat' dir='ltr'><strong>in</strong></span> <span class='ocrx_word' id='word_1_75' title='bbox 336 1489 457 1549; x_wconf 86' lang='lat' dir='ltr'><strong>insulae</strong></span> <span class='ocrx_word' id='word_1_76' title='bbox 482 1470 563 1549; x_wconf 74' lang='lat' dir='ltr'><strong>Icari</strong></span> <span class='ocrx_word' id='word_1_77' title='bbox 591 1508 671 1570; x_wconf 89' lang='lat' dir='ltr'><strong>rupe</strong></span> <span class='ocrx_word' id='word_1_78' title='bbox 698 1489 840 1570; x_wconf 83' lang='lat' dir='ltr'><strong>premnie</strong></span> <span class='ocrx_word' id='word_1_79' title='bbox 869 1492 952 1551; x_wconf 88' lang='lat' dir='ltr'><strong>nasci</strong></span> <span class='ocrx_word' id='word_1_80' title='bbox 977 1494 1122 1555; x_wconf 81' lang='lat' dir='ltr'><strong>referunt</strong></span> 
     </span>
     <span class='ocr_line' id='line_1_12' title="bbox 27 1578 1122 1675; baseline -0.002 -19"><span class='ocrx_word' id='word_1_81' title='bbox 27 1608 31 1617; x_wconf 93' lang='lat'>&#39;</span> <span class='ocrx_word' id='word_1_82' title='bbox 72 1590 269 1675; x_wconf 84' lang='lat' dir='ltr'><strong>Eparchides</strong></span> <span class='ocrx_word' id='word_1_83' title='bbox 289 1597 320 1649; x_wconf 87' lang='lat' dir='ltr'><strong>et</strong></span> <span class='ocrx_word' id='word_1_84' title='bbox 340 1583 493 1650; x_wconf 67' lang='lat' dir='ltr'><strong>Semus.⁷³</strong></span> <span class='ocrx_word' id='word_1_85' title='bbox 556 1588 635 1649; x_wconf 86' lang='lat' dir='ltr'><strong>Cum</strong></span> <span class='ocrx_word' id='word_1_86' title='bbox 658 1578 714 1649; x_wconf 79' lang='lat' dir='ltr'><strong>clii</strong></span> <span class='ocrx_word' id='word_1_87' title='bbox 739 1597 770 1649; x_wconf 90' lang='lat' dir='ltr'><strong>et</strong></span> <span class='ocrx_word' id='word_1_88' title='bbox 789 1588 921 1650; x_wconf 90' lang='lat' dir='ltr'><strong>lesbium</strong></span> <span class='ocrx_word' id='word_1_89' title='bbox 942 1593 1122 1672; x_wconf 90' lang='lat' dir='ltr'><strong>pramniam</strong></span> 
     </span>
     <span class='ocr_line' id='line_1_13' title="bbox 26 1676 1175 1771; baseline -0.003 -15"><span class='ocrx_word' id='word_1_90' title='bbox 26 1752 31 1771; x_wconf 63' lang='grc'>,</span> <span class='ocrx_word' id='word_1_91' title='bbox 72 1685 242 1767; x_wconf 59' lang='lat' dir='ltr'><strong>vocentu,</strong></span> <span class='ocrx_word' id='word_1_92' title='bbox 268 1688 397 1751; x_wconf 83' lang='lat' dir='ltr'><strong>videtur</strong></span> <span class='ocrx_word' id='word_1_93' title='bbox 421 1687 551 1749; x_wconf 86' lang='lat' dir='ltr'><strong>omnino</strong></span> <span class='ocrx_word' id='word_1_94' title='bbox 581 1708 764 1770; x_wconf 84' lang='lat' dir='ltr'><strong>generosum</strong></span> <span class='ocrx_word' id='word_1_95' title='bbox 786 1699 816 1749; x_wconf 90' lang='lat' dir='ltr'><strong>et</strong></span> <span class='ocrx_word' id='word_1_96' title='bbox 835 1700 989 1751; x_wconf 81' lang='lat' dir='ltr'><strong>vetustum</strong></span> <span class='ocrx_word' id='word_1_97' title='bbox 1010 1691 1121 1753; x_wconf 83' lang='lat' dir='ltr'><strong>vinum</strong></span> <span class='ocrx_word' id='word_1_98' title='bbox 1173 1676 1175 1681; x_wconf 36' lang='lat'>⁵</span> 
     </span>
     <span class='ocr_line' id='line_1_14' title="bbox 72 1786 1120 1876; baseline -0.008 -18"><span class='ocrx_word' id='word_1_99' title='bbox 72 1787 161 1876; x_wconf 78' lang='grc' dir='ltr'>(ἀπὸ</span> <span class='ocrx_word' id='word_1_100' title='bbox 182 1790 241 1856; x_wconf 79' lang='grc' dir='ltr'><strong>τοῦ</strong></span> <span class='ocrx_word' id='word_1_101' title='bbox 259 1786 452 1871; x_wconf 74' lang='grc' dir='ltr'><strong>παραμένειν)</strong></span> <span class='ocrx_word' id='word_1_102' title='bbox 474 1789 519 1849; x_wconf 90' lang='lat' dir='ltr'><strong>sie</strong></span> <span class='ocrx_word' id='word_1_103' title='bbox 537 1789 726 1871; x_wconf 75' lang='lat' dir='ltr'><strong>appellatum</strong></span> <span class='ocrx_word' id='word_1_104' title='bbox 747 1789 853 1850; x_wconf 77' lang='lat' dir='ltr'><strong>laissa.</strong></span> <span class='ocrx_word' id='word_1_105' title='bbox 893 1791 979 1850; x_wconf 87' lang='lat' dir='ltr'><strong>Dein</strong></span> <span class='ocrx_word' id='word_1_106' title='bbox 995 1791 1120 1871; x_wconf 88' lang='lat' dir='ltr'><strong>praedi-</strong></span> 
     </span>
     <span class='ocr_line' id='line_1_15' title="bbox 70 1889 1121 1963; baseline -0.005 -5"><span class='ocrx_word' id='word_1_107' title='bbox 70 1905 189 1958; x_wconf 83' lang='lat' dir='ltr'><strong>cantur</strong></span> <span class='ocrx_word' id='word_1_108' title='bbox 217 1901 248 1953; x_wconf 85' lang='lat' dir='ltr'><strong>et</strong></span> <span class='ocrx_word' id='word_1_109' title='bbox 272 1892 407 1952; x_wconf 89' lang='lat' dir='ltr'><strong>thasium</strong></span> <span class='ocrx_word' id='word_1_110' title='bbox 433 1900 464 1952; x_wconf 87' lang='lat' dir='ltr'><strong>et</strong></span> <span class='ocrx_word' id='word_1_111' title='bbox 493 1889 667 1963; x_wconf 76' lang='lat' dir='ltr'><strong>milesium,</strong></span> <span class='ocrx_word' id='word_1_112' title='bbox 710 1889 874 1950; x_wconf 88' lang='lat' dir='ltr'><strong>euboicum</strong></span> <span class='ocrx_word' id='word_1_113' title='bbox 895 1889 986 1949; x_wconf 90' lang='lat' dir='ltr'><strong>etiam</strong></span> <span class='ocrx_word' id='word_1_114' title='bbox 1014 1901 1045 1951; x_wconf 88' lang='lat' dir='ltr'><strong>et</strong></span> <span class='ocrx_word' id='word_1_115' title='bbox 1064 1913 1121 1953; x_wconf 84' lang='lat' dir='ltr'><strong>na·</strong></span> 
     </span>
     <span class='ocr_line' id='line_1_16' title="bbox 71 1989 1121 2072; baseline -0.003 -14"><span class='ocrx_word' id='word_1_116' title='bbox 71 1997 168 2058; x_wconf 82' lang='lat' dir='ltr'><strong>xiam</strong></span> <span class='ocrx_word' id='word_1_117' title='bbox 196 2003 228 2055; x_wconf 84' lang='lat' dir='ltr'><strong>et</strong></span> <span class='ocrx_word' id='word_1_118' title='bbox 247 1990 430 2065; x_wconf 69' lang='lat' dir='ltr'><strong>scintillam,</strong></span> <span class='ocrx_word' id='word_1_119' title='bbox 457 1989 592 2069; x_wconf 78' lang='lat' dir='ltr'><strong>deniquo</strong></span> <span class='ocrx_word' id='word_1_120' title='bbox 624 1998 655 2048; x_wconf 92' lang='lat' dir='ltr'><strong>st</strong></span> <span class='ocrx_word' id='word_1_121' title='bbox 673 1989 837 2050; x_wconf 89' lang='lat' dir='ltr'><strong>oonuutias</strong></span> <span class='ocrx_word' id='word_1_122' title='bbox 865 1999 896 2050; x_wconf 92' lang='lat' dir='ltr'><strong>et</strong></span> <span class='ocrx_word' id='word_1_123' title='bbox 917 1993 1081 2072; x_wconf 72' lang='lat' dir='ltr'><strong>carystium</strong></span> <span class='ocrx_word' id='word_1_124' title='bbox 1101 2014 1121 2054; x_wconf 86' lang='lat' dir='ltr'><strong>e</strong></span> 
     </span>
     <span class='ocr_line' id='line_1_17' title="bbox 69 2080 1187 2175; baseline -0.004 -17"><span class='ocrx_word' id='word_1_125' title='bbox 69 2094 234 2170; x_wconf 68' lang='lat' dir='ltr'><strong>Imconid,</strong></span> <span class='ocrx_word' id='word_1_126' title='bbox 254 2112 334 2175; x_wconf 83' lang='lat' dir='ltr'><strong>quaa</strong></span> <span class='ocrx_word' id='word_1_127' title='bbox 353 2092 486 2153; x_wconf 79' lang='lat' dir='ltr'><strong>Alcman</strong></span> <span class='ocrx_word' id='word_1_128' title='bbox 507 2083 613 2170; x_wconf 74' lang='grc' dir='ltr'><strong><em>ἄπυρα</em></strong></span> <span class='ocrx_word' id='word_1_129' title='bbox 634 2083 688 2150; x_wconf 76' lang='lat' dir='ltr'><strong>sci</strong></span> <span class='ocrx_word' id='word_1_130' title='bbox 707 2081 818 2162; x_wconf 74' lang='grc' dir='ltr'><em>ἄνθεος</em></span> <span class='ocrx_word' id='word_1_131' title='bbox 839 2082 970 2152; x_wconf 75' lang='lat' dir='ltr'><strong>dodona</strong></span> <span class='ocrx_word' id='word_1_132' title='bbox 991 2092 1079 2155; x_wconf 81' lang='lat' dir='ltr'><strong>dixit</strong></span> <span class='ocrx_word' id='word_1_133' title='bbox 1088 2091 1119 2136; x_wconf 78' lang='lat'><strong>²⁸</strong></span> <span class='ocrx_word' id='word_1_134' title='bbox 1184 2080 1187 2087; x_wconf 44' lang='lat'><strong>¹</strong></span> 
     </span>
    </p>
   </div>
   <div class='ocr_carea' id='block_1_5' title="bbox 69 2204 1120 2792">
    <p class='ocr_par' dir='ltr' id='par_1_6' title="bbox 69 2204 1120 2792">
     <span class='ocr_line' id='line_1_18' title="bbox 159 2204 1120 2273; baseline -0.004 0"><span class='ocrx_word' id='word_1_135' title='bbox 159 2212 210 2273; x_wconf 87' lang='lat' dir='ltr'><strong>De</strong></span> <span class='ocrx_word' id='word_1_136' title='bbox 229 2208 360 2271; x_wconf 77' lang='lat' dir='ltr'><strong>asiaticis</strong></span> <span class='ocrx_word' id='word_1_137' title='bbox 384 2208 467 2271; x_wconf 81' lang='lat' dir='ltr'><strong>uinis</strong></span> <span class='ocrx_word' id='word_1_138' title='bbox 487 2206 637 2267; x_wconf 88' lang='lat' dir='ltr'><strong>iudicium</strong></span> <span class='ocrx_word' id='word_1_139' title='bbox 659 2204 817 2266; x_wconf 88' lang='lat' dir='ltr'><strong>diversum</strong></span> <span class='ocrx_word' id='word_1_140' title='bbox 839 2216 892 2266; x_wconf 90' lang='lat' dir='ltr'><strong>est.</strong></span> <span class='ocrx_word' id='word_1_141' title='bbox 938 2206 1052 2270; x_wconf 85' lang='lat' dir='ltr'><strong>Noster</strong></span> <span class='ocrx_word' id='word_1_142' title='bbox 1069 2210 1120 2272; x_wconf 78' lang='lat' dir='ltr'><strong>vi-</strong></span> 
     </span>
     <span class='ocr_line' id='line_1_19' title="bbox 70 2301 1119 2393; baseline -0.005 -18"><span class='ocrx_word' id='word_1_143' title='bbox 70 2312 169 2376; x_wconf 86' lang='lat' dir='ltr'><strong>detur</strong></span> <span class='ocrx_word' id='word_1_144' title='bbox 190 2310 369 2393; x_wconf 86' lang='lat' dir='ltr'><strong>ephesium,</strong></span> <span class='ocrx_word' id='word_1_145' title='bbox 389 2306 474 2390; x_wconf 92' lang='lat' dir='ltr'><strong>qnod</strong></span> <span class='ocrx_word' id='word_1_146' title='bbox 496 2301 653 2389; x_wconf 74' lang='grc' dir='ltr'><strong>φυγιλίτης</strong></span> <span class='ocrx_word' id='word_1_147' title='bbox 673 2306 808 2381; x_wconf 84' lang='lat' dir='ltr'><strong>dicatur,</strong></span> <span class='ocrx_word' id='word_1_148' title='bbox 837 2306 1012 2387; x_wconf 86' lang='lat' dir='ltr'><strong>praeferre,</strong></span> <span class='ocrx_word' id='word_1_149' title='bbox 1033 2319 1119 2373; x_wconf 82' lang='lat' dir='ltr'><strong>taxet</strong></span> 
     </span>
     <span class='ocr_line' id='line_1_20' title="bbox 70 2406 1120 2492; baseline -0.007 -16"><span class='ocrx_word' id='word_1_150' title='bbox 70 2412 212 2476; x_wconf 83' lang='lat' dir='ltr'><strong>tmolites</strong></span> <span class='ocrx_word' id='word_1_151' title='bbox 230 2408 446 2492; x_wconf 70' lang='grc' dir='ltr'><strong>(μισσωγίτης)</strong></span> <span class='ocrx_word' id='word_1_152' title='bbox 466 2418 498 2468; x_wconf 88' lang='lat' dir='ltr'><strong>et</strong></span> <span class='ocrx_word' id='word_1_153' title='bbox 517 2406 753 2469; x_wconf 76' lang='lat' dir='ltr'><strong>clazomenium.</strong></span> <span class='ocrx_word' id='word_1_154' title='bbox 796 2406 934 2467; x_wconf 83' lang='lat' dir='ltr'><strong>Galenus</strong></span> <span class='ocrx_word' id='word_1_155' title='bbox 951 2427 1028 2470; x_wconf 75' lang='lat' dir='ltr'><strong>vero</strong></span> <span class='ocrx_word' id='word_1_156' title='bbox 1048 2430 1120 2491; x_wconf 85' lang='lat' dir='ltr'><strong>my-</strong></span> 
     </span>
     <span class='ocr_line' id='line_1_21' title="bbox 69 2507 1119 2591; baseline -0.004 -17"><span class='ocrx_word' id='word_1_157' title='bbox 69 2512 157 2574; x_wconf 88' lang='lat' dir='ltr'><strong>sium</strong></span> <span class='ocrx_word' id='word_1_158' title='bbox 178 2529 197 2570; x_wconf 89' lang='lat' dir='ltr'><strong>o</strong></span> <span class='ocrx_word' id='word_1_159' title='bbox 216 2508 319 2590; x_wconf 83' lang='lat' dir='ltr'><strong>Mysia</strong></span> <span class='ocrx_word' id='word_1_160' title='bbox 339 2509 535 2591; x_wconf 87' lang='lat' dir='ltr'><strong>Hellesponti</strong></span> <span class='ocrx_word' id='word_1_161' title='bbox 549 2508 715 2590; x_wconf 80' lang='lat' dir='ltr'><strong>praefert,</strong></span> <span class='ocrx_word' id='word_1_162' title='bbox 749 2507 885 2566; x_wconf 85' lang='lat' dir='ltr'><strong>tmolites</strong></span> <span class='ocrx_word' id='word_1_163' title='bbox 913 2507 1005 2569; x_wconf 87' lang='lat' dir='ltr'><strong>etiam</strong></span> <span class='ocrx_word' id='word_1_164' title='bbox 1025 2509 1119 2570; x_wconf 91' lang='lat' dir='ltr'><strong>boni-</strong></span> 
     </span>
     <span class='ocr_line' id='line_1_22' title="bbox 70 2605 1119 2689; baseline -0.011 -15"><span class='ocrx_word' id='word_1_165' title='bbox 70 2620 139 2674; x_wconf 85' lang='lat' dir='ltr'><strong>tato</strong></span> <span class='ocrx_word' id='word_1_166' title='bbox 159 2630 230 2671; x_wconf 86' lang='lat' dir='ltr'><strong>cum</strong></span> <span class='ocrx_word' id='word_1_167' title='bbox 251 2611 374 2674; x_wconf 79' lang='lat' dir='ltr'><strong>falerno</strong></span> <span class='ocrx_word' id='word_1_168' title='bbox 393 2619 566 2689; x_wconf 85' lang='lat' dir='ltr'><strong>comparat:</strong></span> <span class='ocrx_word' id='word_1_169' title='bbox 590 2605 720 2670; x_wconf 87' lang='lat' dir='ltr'><strong>austeris</strong></span> <span class='ocrx_word' id='word_1_170' title='bbox 742 2615 773 2666; x_wconf 88' lang='lat' dir='ltr'><strong>et</strong></span> <span class='ocrx_word' id='word_1_171' title='bbox 789 2605 1047 2687; x_wconf 83' lang='lat' dir='ltr'><strong>adstringentibua</strong></span> <span class='ocrx_word' id='word_1_172' title='bbox 1061 2609 1119 2672; x_wconf 85' lang='lat' dir='ltr'><strong>ed.</strong></span> 
     </span>
     <span class='ocr_line' id='line_1_23' title="bbox 70 2705 1033 2792; baseline -0.007 -17"><span class='ocrx_word' id='word_1_173' title='bbox 70 2719 219 2775; x_wconf 82' lang='lat' dir='ltr'><strong>numerat</strong></span> <span class='ocrx_word' id='word_1_174' title='bbox 237 2711 356 2792; x_wconf 86' lang='lat' dir='ltr'><strong>sybates</strong></span> <span class='ocrx_word' id='word_1_175' title='bbox 374 2712 410 2772; x_wconf 90' lang='lat' dir='ltr'><strong>in</strong></span> <span class='ocrx_word' id='word_1_176' title='bbox 434 2707 544 2771; x_wconf 80' lang='lat' dir='ltr'><strong>cilicls</strong></span> <span class='ocrx_word' id='word_1_177' title='bbox 564 2719 594 2769; x_wconf 88' lang='lat' dir='ltr'><strong>ot</strong></span> <span class='ocrx_word' id='word_1_178' title='bbox 613 2714 752 2789; x_wconf 79' lang='lat' dir='ltr'><strong>argentes</strong></span> <span class='ocrx_word' id='word_1_179' title='bbox 773 2715 803 2767; x_wconf 90' lang='lat' dir='ltr'><strong>et</strong></span> <span class='ocrx_word' id='word_1_180' title='bbox 825 2705 1033 2787; x_wconf 77' lang='lat' dir='ltr'><strong>peperinIum.</strong></span> 
     </span>
    </p>
   </div>
   <div class='ocr_carea' id='block_1_6' title="bbox 70 2820 1118 3323">
    <p class='ocr_par' dir='ltr' id='par_1_7' title="bbox 70 2820 1118 3315">
     <span class='ocr_line' id='line_1_24' title="bbox 157 2820 1118 2912; baseline 0 -24"><span class='ocrx_word' id='word_1_181' title='bbox 157 2824 232 2910; x_wconf 84' lang='lat' dir='ltr'><strong>Cap.</strong></span> <span class='ocrx_word' id='word_1_182' title='bbox 252 2828 342 2889; x_wconf 86' lang='lat' dir='ltr'><strong>XIII.</strong></span> <span class='ocrx_word' id='word_1_183' title='bbox 384 2828 503 2891; x_wconf 89' lang='lat' dir='ltr'><strong>Vinum</strong></span> <span class='ocrx_word' id='word_1_184' title='bbox 525 2824 753 2892; x_wconf 83' lang='lat' dir='ltr'><strong>secundarium,</strong></span> <span class='ocrx_word' id='word_1_185' title='bbox 780 2822 819 2883; x_wconf 81' lang='lat' dir='ltr'><strong>ab</strong></span> <span class='ocrx_word' id='word_1_186' title='bbox 839 2822 949 2884; x_wconf 80' lang='lat' dir='ltr'><strong>Atticis</strong></span> <span class='ocrx_word' id='word_1_187' title='bbox 968 2820 1118 2912; x_wconf 67' lang='lat' dir='ltr'><strong>decrepitae</strong></span> 
     </span>
     <span class='ocr_line' id='line_1_25' title="bbox 71 2919 1116 3005; baseline 0 -13"><span class='ocrx_word' id='word_1_188' title='bbox 71 2929 207 2994; x_wconf 72' lang='lat' dir='ltr'><strong>dietum,</strong></span> <span class='ocrx_word' id='word_1_189' title='bbox 244 2926 281 2988; x_wconf 84' lang='lat' dir='ltr'><strong>ab</strong></span> <span class='ocrx_word' id='word_1_190' title='bbox 308 2929 400 2991; x_wconf 84' lang='lat' dir='ltr'><strong>Asiae</strong></span> <span class='ocrx_word' id='word_1_191' title='bbox 427 2925 537 2988; x_wconf 88' lang='lat' dir='ltr'><strong>incolis</strong></span> <span class='ocrx_word' id='word_1_192' title='bbox 558 2919 755 3005; x_wconf 70' lang='lat' dir='ltr'><strong>ortuqulitqs</strong></span> <span class='ocrx_word' id='word_1_193' title='bbox 776 2922 942 3003; x_wconf 87' lang='lat' dir='ltr'><strong>appellari,</strong></span> <span class='ocrx_word' id='word_1_194' title='bbox 978 2926 1116 2992; x_wconf 86' lang='lat' dir='ltr'><strong>Galenus</strong></span> 
     </span>
     <span class='ocr_line' id='line_1_26' title="bbox 71 3014 1117 3110; baseline -0.004 -18"><span class='ocrx_word' id='word_1_195' title='bbox 71 3022 251 3092; x_wconf 73' lang='lat' dir='ltr'><strong>testatur-²⁰</strong></span> <span class='ocrx_word' id='word_1_196' title='bbox 289 3028 435 3110; x_wconf 84' lang='lat' dir='ltr'><strong>Namque</strong></span> <span class='ocrx_word' id='word_1_197' title='bbox 462 3021 619 3109; x_wconf 79' lang='grc' dir='ltr'><strong>στέμφυλα</strong></span> <span class='ocrx_word' id='word_1_198' title='bbox 649 3035 680 3085; x_wconf 86' lang='lat' dir='ltr'><strong>ot</strong></span> <span class='ocrx_word' id='word_1_199' title='bbox 697 3014 807 3108; x_wconf 76' lang='grc' dir='ltr'>βρῦτια</span> <span class='ocrx_word' id='word_1_200' title='bbox 828 3032 858 3082; x_wconf 90' lang='lat' dir='ltr'><strong>et</strong></span> <span class='ocrx_word' id='word_1_201' title='bbox 878 3014 975 3104; x_wconf 78' lang='grc' dir='ltr'><strong><em>τρύγα</em></strong></span> <span class='ocrx_word' id='word_1_202' title='bbox 993 3030 1117 3108; x_wconf 88' lang='lat' dir='ltr'><strong>promi·</strong></span> 
     </span>
     <span class='ocr_line' id='line_1_27' title="bbox 70 3127 1115 3208; baseline -0.006 -15"><span class='ocrx_word' id='word_1_203' title='bbox 70 3149 148 3193; x_wconf 84' lang='lat' dir='ltr'><strong>scae</strong></span> <span class='ocrx_word' id='word_1_204' title='bbox 178 3127 241 3189; x_wconf 89' lang='lat' dir='ltr'><strong>dici</strong></span> <span class='ocrx_word' id='word_1_205' title='bbox 269 3130 381 3190; x_wconf 81' lang='lat' dir='ltr'><strong>solidas</strong></span> <span class='ocrx_word' id='word_1_206' title='bbox 410 3145 584 3208; x_wconf 78' lang='lat' dir='ltr'><strong>crassaeque</strong></span> <span class='ocrx_word' id='word_1_207' title='bbox 610 3134 731 3207; x_wconf 85' lang='lat' dir='ltr'><strong>partes,</strong></span> <span class='ocrx_word' id='word_1_208' title='bbox 772 3142 851 3206; x_wconf 83' lang='lat' dir='ltr'><strong>queo</strong></span> <span class='ocrx_word' id='word_1_209' title='bbox 875 3133 947 3205; x_wconf 85' lang='lat' dir='ltr'><strong>post</strong></span> <span class='ocrx_word' id='word_1_210' title='bbox 978 3139 1115 3192; x_wconf 85' lang='lat' dir='ltr'><strong>mustum</strong></span> 
     </span>
     <span class='ocr_line' id='line_1_28' title="bbox 72 3227 594 3323; baseline -0.02 -27"><span class='ocrx_word' id='word_1_211' title='bbox 72 3251 255 3315; x_wconf 87' lang='lat' dir='ltr'><strong>expressum</strong></span> <span class='ocrx_word' id='word_1_212' title='bbox 275 3230 310 3291; x_wconf 90' lang='lat' dir='ltr'><strong>in</strong></span> <span class='ocrx_word' id='word_1_213' title='bbox 330 3228 400 3292; x_wconf 84' lang='lat' dir='ltr'><strong>uvis</strong></span> <span class='ocrx_word' id='word_1_214' title='bbox 420 3227 594 3323; x_wconf 86' lang='lat' dir='ltr'><strong>supersint.</strong></span> 
     </span>
    </p>
   </div>
   <div class='ocr_carea' id='block_1_7' title="bbox 157 3302 1038 3415">
    <p class='ocr_par' dir='ltr' id='par_1_8' title="bbox 157 3302 1038 3415">
     <span class='ocr_line' id='line_1_29' title="bbox 157 3302 1038 3415; baseline -0.007 -23"><span class='ocrx_word' id='word_1_215' title='bbox 157 3328 231 3415; x_wconf 82' lang='lat' dir='ltr'><strong>Cep</strong></span> <span class='ocrx_word' id='word_1_216' title='bbox 244 3326 565 3393; x_wconf 79' lang='lat' dir='ltr'><strong>XIV—LXXXIII.</strong></span> <span class='ocrx_word' id='word_1_217' title='bbox 588 3302 695 3385; x_wconf 88' lang='lat' dir='ltr'><strong>nulla</strong></span> <span class='ocrx_word' id='word_1_218' title='bbox 715 3330 805 3405; x_wconf 78' lang='lat' dir='ltr'><strong>egent</strong></span> <span class='ocrx_word' id='word_1_219' title='bbox 823 3317 1038 3386; x_wconf 86' lang='lat' dir='ltr'><strong>illustratione.</strong></span> 
     </span>
    </p>
   </div>
   <div class='ocr_carea' id='block_1_8' title="bbox 279 3486 906 3558">
    <p class='ocr_par' dir='ltr' id='par_1_9' title="bbox 279 3486 906 3558">
     <span class='ocr_line' id='line_1_30' title="bbox 279 3486 906 3558; baseline -0.023 1"><span class='ocrx_word' id='word_1_220' title='bbox 279 3496 321 3558; x_wconf 87' lang='lat' dir='ltr'><strong>II.</strong></span> <span class='ocrx_word' id='word_1_221' title='bbox 361 3496 418 3557; x_wconf 90' lang='lat' dir='ltr'><strong>Ds</strong></span> <span class='ocrx_word' id='word_1_222' title='bbox 444 3492 678 3557; x_wconf 80' lang='lat' dir='ltr'><strong>Metallieis</strong></span> <span class='ocrx_word' id='word_1_223' title='bbox 714 3486 906 3549; x_wconf 84' lang='lat' dir='ltr'><strong>omnibus.</strong></span> 
     </span>
    </p>
   </div>
   <div class='ocr_carea' id='block_1_9' title="bbox 70 3576 1113 4015">
    <p class='ocr_par' dir='ltr' id='par_1_10' title="bbox 70 3576 1113 4015">
     <span class='ocr_line' id='line_1_31' title="bbox 155 3576 1112 3716; baseline -0.008 -23"><span class='ocrx_word' id='word_1_224' title='bbox 155 3629 227 3716; x_wconf 85' lang='lat' dir='ltr'><strong>Cap.</strong></span> <span class='ocrx_word' id='word_1_225' title='bbox 246 3576 429 3693; x_wconf 82' lang='lat' dir='ltr'><strong>LXXXIV.</strong></span> <span class='ocrx_word' id='word_1_226' title='bbox 473 3624 618 3690; x_wconf 87' lang='lat' dir='ltr'><strong>Cadmiae</strong></span> <span class='ocrx_word' id='word_1_227' title='bbox 638 3622 776 3686; x_wconf 84' lang='lat' dir='ltr'><strong>lactitiae</strong></span> <span class='ocrx_word' id='word_1_228' title='bbox 795 3621 883 3686; x_wconf 81' lang='lat' dir='ltr'><strong>varia</strong></span> <span class='ocrx_word' id='word_1_229' title='bbox 903 3641 1032 3703; x_wconf 83' lang='lat' dir='ltr'><strong>genera,</strong></span> <span class='ocrx_word' id='word_1_230' title='bbox 1060 3644 1112 3686; x_wconf 88' lang='lat' dir='ltr'><strong>ea-</strong></span> 
     </span>
     <span class='ocr_line' id='line_1_32' title="bbox 71 3721 1113 3833; baseline -0.01 -38"><span class='ocrx_word' id='word_1_231' title='bbox 71 3751 135 3815; x_wconf 87' lang='lat' dir='ltr'><strong>quo</strong></span> <span class='ocrx_word' id='word_1_232' title='bbox 153 3730 368 3816; x_wconf 86' lang='lat' dir='ltr'><strong>pleramque</strong></span> <span class='ocrx_word' id='word_1_233' title='bbox 358 3748 500 3833; x_wconf 78' lang='lat' dir='ltr'><strong>mpura,</strong></span> <span class='ocrx_word' id='word_1_234' title='bbox 526 3734 752 3790; x_wconf 66' lang='lat' dir='ltr'><strong>recensentur·</strong></span> <span class='ocrx_word' id='word_1_235' title='bbox 775 3723 813 3784; x_wconf 89' lang='lat' dir='ltr'><strong>Iu</strong></span> <span class='ocrx_word' id='word_1_236' title='bbox 834 3721 885 3783; x_wconf 89' lang='lat' dir='ltr'><strong>his</strong></span> <span class='ocrx_word' id='word_1_237' title='bbox 904 3723 1041 3804; x_wconf 89' lang='lat' dir='ltr'><strong>primum</strong></span> <span class='ocrx_word' id='word_1_238' title='bbox 1062 3726 1113 3785; x_wconf 90' lang='lat' dir='ltr'><strong>lo·</strong></span> 
     </span>
     <span class='ocr_line' id='line_1_33' title="bbox 71 3810 1111 3916; baseline -0.007 -24"><span class='ocrx_word' id='word_1_239' title='bbox 71 3852 145 3894; x_wconf 87' lang='lat' dir='ltr'><strong>cum</strong></span> <span class='ocrx_word' id='word_1_240' title='bbox 167 3830 286 3893; x_wconf 89' lang='lat' dir='ltr'><strong>obtinet</strong></span> <span class='ocrx_word' id='word_1_241' title='bbox 312 3810 481 3916; x_wconf 55' lang='grc' dir='ltr'>βοτρυϊηις</span> <span class='ocrx_word' id='word_1_242' title='bbox 514 3848 606 3911; x_wconf 89' lang='lat' dir='ltr'><strong>quam</strong></span> <span class='ocrx_word' id='word_1_243' title='bbox 634 3834 784 3887; x_wconf 87' lang='lat' dir='ltr'><strong>nostrates</strong></span> <span class='ocrx_word' id='word_1_244' title='bbox 811 3825 919 3884; x_wconf 86' lang='lat' dir='ltr'><strong>tutiam</strong></span> <span class='ocrx_word' id='word_1_245' title='bbox 944 3843 1000 3883; x_wconf 88' lang='lat' dir='ltr'><strong>seu</strong></span> <span class='ocrx_word' id='word_1_246' title='bbox 1027 3823 1111 3885; x_wconf 88' lang='lat' dir='ltr'><strong>nihil</strong></span> 
     </span>
     <span class='ocr_line' id='line_1_34' title="bbox 70 3921 1111 4015; baseline -0.01 -22"><span class='ocrx_word' id='word_1_247' title='bbox 70 3951 216 4015; x_wconf 78' lang='lat' dir='ltr'><strong>grysoum</strong></span> <span class='ocrx_word' id='word_1_248' title='bbox 234 3943 358 3993; x_wconf 80' lang='lat' dir='ltr'><strong>vocant.</strong></span> <span class='ocrx_word' id='word_1_249' title='bbox 416 3932 611 4005; x_wconf 65' lang='lat' dir='ltr'><strong>fornacum,</strong></span> <span class='ocrx_word' id='word_1_250' title='bbox 637 3924 805 4008; x_wconf 87' lang='lat' dir='ltr'><strong>inquibus</strong></span> <span class='ocrx_word' id='word_1_251' title='bbox 829 3921 1043 3987; x_wconf 84' lang='lat' dir='ltr'><strong>aurichalcam</strong></span> <span class='ocrx_word' id='word_1_252' title='bbox 1069 3922 1111 3984; x_wconf 90' lang='lat' dir='ltr'><strong>li-</strong></span> 
     </span>
    </p>
   </div>
   <div class='ocr_carea' id='block_1_10' title="bbox 105 4173 1002 4492">
    <p class='ocr_par' dir='ltr' id='par_1_11' title="bbox 105 4173 1002 4492">
     <span class='ocr_line' id='line_1_35' title="bbox 105 4173 1002 4248; baseline -0.021 -6"><span class='ocrx_word' id='word_1_253' title='bbox 105 4187 153 4243; x_wconf 82' lang='lat'><strong>7¹&gt;</strong></span> <span class='ocrx_word' id='word_1_254' title='bbox 171 4183 204 4231; x_wconf 67' lang='grc' dir='ltr'><strong>ΙΙ·</strong></span> <span class='ocrx_word' id='word_1_255' title='bbox 223 4195 270 4238; x_wconf 71' lang='lat'><strong>¹¹·</strong></span> <span class='ocrx_word' id='word_1_256' title='bbox 287 4180 349 4237; x_wconf 68' lang='grc' dir='ltr'>διο,</span> <span class='ocrx_word' id='word_1_257' title='bbox 450 4178 495 4248; x_wconf 69' lang='lat' dir='ltr'><strong>qa)</strong></span> <span class='ocrx_word' id='word_1_258' title='bbox 512 4181 603 4233; x_wconf 77' lang='grc' dir='ltr'>ῠιιιιι.</span> <span class='ocrx_word' id='word_1_259' title='bbox 619 4191 709 4240; x_wconf 79' lang='lat' dir='ltr'><strong>expos.</strong></span> <span class='ocrx_word' id='word_1_260' title='bbox 724 4188 787 4230; x_wconf 75' lang='lat' dir='ltr'><strong>roc.</strong></span> <span class='ocrx_word' id='word_1_261' title='bbox 803 4173 882 4238; x_wconf 76' lang='lat' dir='ltr'><strong>Hipp.</strong></span> <span class='ocrx_word' id='word_1_262' title='bbox 898 4191 927 4238; x_wconf 67' lang='lat' dir='ltr'><strong>p.</strong></span> <span class='ocrx_word' id='word_1_263' title='bbox 941 4180 1002 4239; x_wconf 66' lang='lat'><strong>643.</strong></span> 
     </span>
     <span class='ocr_line' id='line_1_36' title="bbox 106 4265 683 4330; baseline -0.028 -4"><span class='ocrx_word' id='word_1_264' title='bbox 106 4265 155 4330; x_wconf 83' lang='grc' dir='ltr'><strong>ιι)</strong></span> <span class='ocrx_word' id='word_1_265' title='bbox 171 4267 269 4316; x_wconf 69' lang='lat' dir='ltr'><strong>Athen·</strong></span> <span class='ocrx_word' id='word_1_266' title='bbox 288 4282 317 4324; x_wconf 80' lang='grc' dir='ltr'>ι,</span> <span class='ocrx_word' id='word_1_267' title='bbox 334 4268 392 4321; x_wconf 65' lang='lat' dir='ltr'><strong>sn*</strong></span> <span class='ocrx_word' id='word_1_268' title='bbox 477 4271 522 4325; x_wconf 74' lang='lat' dir='ltr'><strong>rs)</strong></span> <span class='ocrx_word' id='word_1_269' title='bbox 537 4268 577 4317; x_wconf 82' lang='lat' dir='ltr'><strong>m.</strong></span> <span class='ocrx_word' id='word_1_270' title='bbox 597 4280 622 4315; x_wconf 68' lang='grc' dir='ltr'><strong>ο.</strong></span> <span class='ocrx_word' id='word_1_271' title='bbox 639 4271 683 4320; x_wconf 67' lang='lat' dir='ltr'><strong>n,</strong></span> 
     </span>
     <span class='ocr_line' id='line_1_37' title="bbox 105 4347 899 4492; baseline -0.023 -81"><span class='ocrx_word' id='word_1_272' title='bbox 105 4357 152 4410; x_wconf 73' lang='lat'><strong>75)</strong></span> <span class='ocrx_word' id='word_1_273' title='bbox 166 4353 209 4402; x_wconf 83' lang='lat' dir='ltr'><strong>lb·</strong></span> <span class='ocrx_word' id='word_1_274' title='bbox 225 4364 250 4401; x_wconf 80' lang='lat' dir='ltr'><strong>o·</strong></span> <span class='ocrx_word' id='word_1_275' title='bbox 267 4359 311 4415; x_wconf 74' lang='lat'><strong>67·</strong></span> <span class='ocrx_word' id='word_1_276' title='bbox 412 4347 458 4415; x_wconf 75' lang='lat'><strong>76)</strong></span> <span class='ocrx_word' id='word_1_277' title='bbox 474 4352 515 4400; x_wconf 83' lang='lat' dir='ltr'><strong>De</strong></span> <span class='ocrx_word' id='word_1_278' title='bbox 529 4350 582 4404; x_wconf 76' lang='lat' dir='ltr'><strong>fre.</strong></span> <span class='ocrx_word' id='word_1_279' title='bbox 598 4351 684 4414; x_wconf 75' lang='lat' dir='ltr'><strong>simpl.</strong></span> <span class='ocrx_word' id='word_1_280' title='bbox 701 4357 727 4399; x_wconf 79' lang='lat' dir='ltr'><strong>u.</strong></span> <span class='ocrx_word' id='word_1_281' title='bbox 746 4364 775 4410; x_wconf 74' lang='lat' dir='ltr'><strong>p.</strong></span> <span class='ocrx_word' id='word_1_282' title='bbox 796 4356 855 4405; x_wconf 72' lang='lat' dir='ltr'><strong>rao.</strong></span> <span class='ocrx_word' id='word_1_283' title='bbox 877 4427 899 4492; x_wconf 78' lang='lat'><strong>2</strong></span> 
     </span>
    </p>

    <p class='ocr_par' dir='ltr' id='par_1_12' title="bbox 814 4434 857 4492">
     <span class='ocr_line' id='line_1_38' title="bbox 814 4434 857 4492; baseline -0.023 0"><span class='ocrx_word' id='word_1_284' title='bbox 814 4434 857 4492; x_wconf 85' lang='lat' dir='ltr'><strong>Sa</strong></span> 
     </span>
    </p>
   </div>
   <div class='ocr_carea' id='block_1_11' title="bbox 0 0 1414 5009">
    <p class='ocr_par' dir='ltr' id='par_1_13' title="bbox 0 0 1414 5009">
     <span class='ocr_line' id='line_1_39' title="bbox 0 0 1414 5009; baseline 0 4"><span class='ocrx_word' id='word_1_285' title='bbox 0 0 1414 5009; x_wconf 95' lang='lat' dir='ltr'><strong> </strong></span> 
     </span>
    </p>
   </div>
  </div>
 </body>
</html>
